1858 3184
757 199 782 231 o
811 199 936 230 nAmx
963 198 1095 229 mssa.
1634 191 1713 233 us

136 282 179 324 le
197 281 416 334 servirent,
435 290 568 332 anges
586 277 638 319 de
657 277 731 331 qni
749 276 781 318 il
799 277 915 318 avait
932 278 999 318 ete
1017 276 1079 318 dit
1100 290 1111 317 :
1129 291 1149 315 α
1167 277 1233 318 En
1252 276 1400 328 verite,
1422 289 1476 318 cn
1495 279 1645 331 verite,
1665 279 1713 334 je

138 359 244 389 vous
263 348 302 389 le
320 347 383 387 dis
398 359 410 387 :
425 356 528 387 vous
548 355 692 384 verrez
712 342 751 384 le
769 343 848 384 ciel
867 345 1033 392 ouvert,
1053 346 1096 383 et
1114 341 1175 382 les
1188 344 1252 383 An
1259 354 1333 395 ges
1351 343 1403 384 de
1422 343 1528 383 Dieu
1547 347 1716 387 montet

139 415 184 455 et
202 411 427 454 descendre
446 421 518 450 sur
535 408 576 450 le
596 408 680 449 Fils
709 408 763 449 de
795 407 1010 449 l'homme.
1034 406 1165 460 (dean.
1187 418 1218 456 1,
1240 408 1330 461 5¹.)
1344 422 1363 446 n
1387 407 1555 448 L'enfer
1574 410 1714 451 meme

139 477 281 520 donna
299 477 371 518 des
389 475 531 528 signes
559 477 602 515 et
630 473 702 514 des
723 474 1020 526 tcmoignages
1052 485 1131 526 par
1161 472 1222 513 res
1253 473 1430 513 demons
1461 473 1550 526 qui,
1571 477 1714 527 posse-

140 544 244 585 dant
261 543 334 584 des
352 542 559 590 hommes,
581 538 759 579 criaient
781 551 790 579 :
813 555 832 576 α
855 539 962 591 Qu'y
982 538 1090 578 a-t-il
1109 542 1230 578 entre
1249 550 1353 578 vous
1372 542 1415 579 et
1435 550 1557 589 nous,
1577 540 1714 591 Jews,

138 609 206 651 fils
231 609 283 650 de
313 605 450 649 nien?
470 606 583 647 Vous
615 605 702 644 etes
734 616 847 644 venu
879 607 1007 643 avant
1042 603 1080 643 le
1119 607 1253 656 temps
1284 616 1391 644 nous
1423 607 1713 654 tourmenter;

138 671 301 727 (Manli.
323 670 469 724 v111.)»
492 682 570 724 par
607 681 715 710 ceux
752 669 842 722 qui,
863 673 1026 709 sot-lant
1062 668 1135 709 des
1167 669 1334 719 limbes,
1365 670 1575 722 reprirent
1606 670 1718 711 leurs

138 751 258 792 corps
275 741 319 779 et
337 739 494 778 venant
512 735 616 775 dans
641 734 683 774 la
702 735 802 774 ville
835 734 968 774 sainte
1001 738 1262 787 apparurent
1282 736 1306 774 a
1325 735 1548 788 plusieurs.
1572 736 1715 785 Enfin,

139 804 200 846 les
218 803 423 844 elements
451 800 690 841 fournirent
708 799 781 840 des
813 799 953 852 signes
985 799 1353 849 tres-manifestes,
1378 801 1520 853 quand
1553 801 1595 840 la
1626 813 1718 842 mer

137 872 183 913 ot
200 869 259 910 les
277 871 399 908 vents
428 866 488 906 lui
521 866 787 916 obeissaient,
811 865 953 918 quand
974 864 1081 904 l'eau
1108 864 1167 904 lui
1188 865 1348 904 fouruit
1368 878 1426 905 un
1448 866 1618 906 chemin
1650 878 1716 906 so-

135 934 220 976 nde
236 945 345 987 pour
363 931 572 981 member,
594 930 738 984 quand
759 931 819 970 les
832 930 1000 970 rochers
1022 941 1064 970 se
1086 930 1306 971 fendaient
1325 933 1368 970 et
1387 931 1530 984 quand
1550 931 1591 971 la
1604 935 1719 973 terre

135 998 318 1041 trembla
336 1000 361 1038 a
379 1010 426 1038 sa
445 999 557 1037 mort
575 998 618 1037 et
637 998 662 1036 a
681 1007 726 1035 sa
742 995 1040 1035 resurrection.

192 1065 306 1104 Vous
323 1074 454 1115 voyez
468 1062 575 1102 donc
589 1064 804 1101 comment
818 1061 868 1100 de
885 1063 1000 1100 toute
1021 1063 1116 1112 part
1135 1060 1173 1099 le
1188 1060 1340 1109 Christ,
1357 1060 1499 1101 rneine
1514 1061 1565 1101 de
1585 1062 1718 1113 Jesse,

136 1132 200 1170 cst
219 1139 276 1169 un
307 1127 510 1168 etendard
542 1138 648 1179 pour
679 1127 738 1166 les
771 1126 958 1178 peuples,
982 1125 1041 1164 les
1062 1125 1263 1178 appelant
1286 1127 1310 1165 a
1331 1126 1372 1164 la
1392 1126 1450 1165 foi
1471 1129 1512 1166 et
1531 1139 1586 1166 au
1606 1128 1720 1168 salut

136 1206 215 1247 par
232 1196 326 1234 tant
343 1193 395 1233 de
414 1193 557 1243 signes
576 1195 618 1231 et
638 1192 689 1231 de
721 1191 934 1243 prodiges.
958 1190 1066 1230 tl'est
1086 1191 1193 1230 donc.
1213 1203 1289 1243 par
1320 1204 1378 1230 un
1415 1191 1551 1242 grand
1585 1205 1716 1233 aven-

140 1259 331 1314 glement
350 1270 432 1311 que
452 1258 511 1297 les
531 1257 553 1298 J
560 1256 639 1296 uifs
660 1256 719 1296 lui
734 1256 992 1296 demandent
1012 1268 1067 1294 un
1090 1256 1226 1306 signe,
1249 1267 1333 1295 eux
1353 1257 1426 1308 qui
1446 1263 1605 1309 voyant
1624 1259 1720 1298 tant

141 1325 194 1366 de
225 1325 368 1377 signes
398 1335 452 1363 ne
484 1322 629 1363 voient
658 1322 793 1374 point,
818 1320 1051 1360 entendant
1083 1323 1279 1360 raconter
1312 1325 1405 1360 tant
1435 1321 1487 1361 de
1519 1322 1721 1374 prodigos

140 1389 418 1431 n’entendent
447 1388 583 1440 point.
614 1402 633 1423 <x
667 1387 830 1436 Maitre,
863 1386 1080 1434 disent-ils,
1102 1398 1208 1424 nous
1240 1386 1468 1426 voudrions
1501 1399 1583 1439 que
1615 1399 1720 1429 vous

139 1466 250 1495 nous
282 1454 416 1494 fissiez
448 1453 540 1492 voir
576 1452 757 1505 quelque
795 1451 988 1503 prodige.
1008 1467 1026 1487 »
1049 1452 1105 1491 Le
1144 1451 1357 1502 Seigneur
1393 1451 1486 1491 leur
1523 1452 1721 1505 repondit

139 1519 251 1561 alors
274 1534 283 1560 :
305 1533 326 1558 «
347 1520 464 1568 Cette
484 1518 632 1557 nation
652 1528 900 1567 corrompue
932 1519 975 1555 et
1003 1516 1193 1555 adultere
1214 1516 1423 1556 demande
1444 1529 1502 1557 un
1521 1518 1718 1571 prodige,

137 1588 183 1627 et
202 1597 256 1624 on
278 1596 331 1624 ne
350 1583 409 1623 lui
430 1595 481 1623 en
504 1583 693 1622 donnera
713 1581 833 1634 point
854 1581 1015 1620 ‹l'autrc
1037 1593 1117 1631 que
1138 1581 1246 1620 celui
1268 1582 1325 1621 du
1345 1582 1551 1635 prophete
1570 1584 1717 1625 Jonas.

138 1651 235 1699 Cur,
258 1660 421 1690 comme
440 1648 569 1688 Jonas
589 1648 653 1686 fut
672 1647 775 1686 trois
791 1646 910 1698 jours
930 1649 973 1685 et
994 1647 1094 1685 trois
1120 1646 1235 1686 nuits
1266 1646 1369 1686 dans
1389 1648 1427 1688 le
1447 1652 1595 1689 ventre
1616 1649 1719 1690 d’un

135 1715 323 1768 poisson‚
346 1713 453 1754 ainsi
472 1714 510 1752 le
530 1713 614 1752 Fils
635 1712 686 1751 de
707 1712 906 1751 l'homme
927 1723 1019 1751 sera
1039 1712 1140 1751 trois
1157 1711 1278 1764 jours
1297 1716 1338 1752 et
1358 1713 1461 1753 trois
1482 1714 1595 1754 nuits
1615 1714 1720 1755 dans

137 1779 179 1821 le
198 1780 286 1819 sein
306 1779 358 1819 de
385 1778 425 1818 la
458 1781 582 1818 terre.
608 1776 768 1830 (Mattlz.
792 1788 868 1824 xu,
890 1776 1050 1829 38-40.)
1067 1790 1087 1814 ι
1112 1778 1162 1817 lls
1197 1778 1500 1819 demandaient
1522 1793 1578 1819 un
1597 1780 1720 1832 signe

139 1844 242 1885 dans
259 1844 298 1884 le
318 1844 410 1894 ciel,
432 1843 708 1884 Jesus-Christ
728 1842 821 1882 leur
852 1842 992 1881 donne
1014 1855 1069 1881 un
1092 1843 1213 1894 signe
1234 1843 1337 1883 dans
1357 1844 1417 1883 les
1438 1844 1721 1897 profondeurs

139 1909 191 1949 de
212 1909 252 1949 la
272 1913 396 1957 terre,
419 1908 525 1947 mais
556 1920 614 1947 un
646 1907 765 1960 signe
795 1908 1093 1955 tres-efficace,
1115 1908 1279 1948 destine
1299 1910 1324 1948 a
1344 1909 1436 1948 leur
1468 1909 1572 1950 faire
1602 1923 1718 1951 com·

134 2052 364 2099 *nisti-ante&
386 2050 432 2086 de
452 2048 589 2096 quibus
621 2049 734 2086 etiam
764 2049 908 2085 dictum
948 2050 1100 2095 signum
1138 2050 1379 2097 populorum,
1413 2056 1466 2088 tot

137 2103 196 2138 cst
210 2110 241 2136 :u
262 2099 380 2141 Amen
399 2097 484 2134 dico
499 2096 618 2142 vobis,
634 2096 808 2133 videbitis
828 2106 907 2132 coe-

1517 2052 1546 2088 si
1578 2053 1636 2088 nis
1686 2056 1722 2089 et

950 2097 1132 2143 portentis
1165 2107 1229 2133 eos
1257 2098 1446 2134 advocans
1475 2099 1521 2135 ad
1572 2100 1658 2136 dem
1685 2103 1723 2137 et

136 2146 221 2184 lum
238 2150 470 2192 apertum,et
490 2145 650 2191 Angelos
669 2144 908 2181 descondcu-
949 2145 1122 2181 satutem.
1148 2144 1282 2192 Magna
1312 2151 1413 2182 certe
1446 2146 1614 2183 caecitate
1651 2148 1720 2184 Ju-

135 2199 195 2232 tes
233 2198 268 2231 et
314 2193 561 2230 ascendentes
609 2202 721 2239 super
773 2192 908 2228 Filium
949 2192 1020 2228 daei
1040 2192 1087 2228 ab
1121 2191 1188 2228 illo
1222 2193 1374 2239 signum
1406 2198 1553 2240 petunt,
1576 2193 1641 2241 qui
1670 2197 1724 2232 tot

133 2241 318 2282 hominis.
346 2257 360 2276 ι)
398 2241 452 2277 Ex
490 2240 642 2276 inferno
679 2240 792 2277 etiam
831 2250 910 2276 non
949 2241 1056 2285 signa
1078 2240 1246 2276 videntes
1282 2251 1360 2277 non
1393 2241 1534 2284 vident,
1558 2246 1610 2278 tot
1630 2253 1722 2288 por-

137 2289 292 2327 defuere
312 2289 420 2335 signa
439 2292 475 2324 et
495 2288 723 2333 testimonia,
744 2286 792 2323 ab
819 2287 911 2333 ipsis
951 2293 1051 2324 tenta
1072 2288 1270 2324 audientes
1291 2298 1368 2325 non
1398 2290 1574 2325 audiunt.
1600 2305 1614 2321 u
1640 2289 1721 2327 Ma-

137 2337 378 2375 daemonibus
408 2347 429 2373 e
460 2335 681 2382 corporibus
711 2335 907 2372 hominum
950 2336 1077 2382 gis-ter,
1112 2336 1306 2380 inquiunt,
1335 2336 1508 2373 volumus
1534 2348 1556 2372 a
1594 2342 1630 2373 te
1667 2337 1724 2374 si·-

137 2385 303 2422 obsessis
333 2383 619 2421 clamantibus:
645 2398 658 2415 α
682 2383 777 2427 Quid
802 2382 911 2419 nobis
951 2394 1068 2428 gnum
1106 2383 1245 2420 videre.
1279 2400 1292 2417 υ
1337 2384 1481 2428 Quibus
1522 2385 1725 2431 respondet

137 2437 179 2470 et
211 2432 293 2479 tibi,
326 2432 415 2468 Jesu
448 2431 518 2467 Fili
549 2430 645 2467 Dei?
665 2430 807 2467 Venisti
824 2435 912 2466 ante
954 2431 1136 2467 Dominus
1155 2441 1162 2467 :
1184 2444 1197 2462 α
1216 2432 1415 2469 Generatio
1437 2432 1536 2468 mala
1556 2437 1593 2468 et
1609 2432 1722 2470 adul-

137 2483 289 2527 tempus
307 2483 482 2526 torquere
501 2488 585 2515 nos.
599 2494 614 2512 a
639 2477 698 2514 Ab
717 2478 794 2514 illis
814 2488 910 2524 quo·
952 2483 1029 2515 tera
1058 2478 1210 2525 signum
1232 2481 1389 2533 'quaerim
1411 2484 1445 2515 et
1467 2490 1544 2515 non
1573 2479 1724 2518 dabitur

139 2537 214 2575 que
227 2527 293 2574 qui
305 2538 326 2564 e
342 2527 460 2563 limbo
474 2526 613 2572 egressi
627 2530 912 2572 resumpserunt

137 2584 299 2623 corpora
319 2585 400 2618 sua,
422 2579 458 2610 et
478 2573 673 2610 venientes
704 2574 746 2610 in
778 2573 911 2609 civita-

140 2625 221 2660 tem
257 2627 427 2660 sanctam
464 2626 721 2668 apparuerunt
766 2621 909 2657 multis.

137 2668 314 2716 Denique
349 2670 458 2716 signa
487 2669 598 2706 edita
633 2668 674 2705 in
713 2668 913 2706 clementis

137 2717 452 2754 manifestissima
481 2716 600 2760 fuere,
620 2716 711 2752 dum
744 2727 847 2752 mare
876 2721 912 2753 et

142 2764 250 2801 venti
269 2763 450 2802 obediunt
469 2764 517 2809 ei,
534 2764 626 2800 dum
645 2774 742 2810 aqua
762 2764 796 2800 ei
817 2764 911 2800 soli-

10 2817 19 2843 ’.
73 2856 78 2861 .
143 2811 237 2849 dum
274 2812 414 2858 praebet
432 2811 657 2858 obsequium
684 2811 911 2854 ambulanti,

142 2859 236 2896 dum
256 2863 372 2904 petrae
390 2859 631 2903 scinduntur,
652 2863 688 2895 et
702 2863 800 2895 terra
825 2869 913 2895 con-

141 2906 328 2943 tremiscit
348 2906 390 2942 in
408 2907 490 2953 eJus
509 2911 630 2943 morte
650 2910 686 2942 et
719 2916 911 2943 resurrec-

141 2953 260 2991 tione.
283 2953 374 2990 Vide
392 2963 432 2990 er
456 2965 480 2990 o
511 2954 701 3001 quomodo
734 2954 839 2990 omni
867 2964 912 2990 ex

142 3005 250 3049 parte
281 3000 399 3039 Radix
452 3011 534 3039 esse
565 2999 737 3039 Christus
767 3005 840 3038 stat
871 3002 914 3039 in

951 2527 985 2563 ei
1007 2526 1173 2572 signum,
1201 2528 1275 2563 nisi
1309 2528 1461 2573 signum
1492 2527 1600 2563 Jonae
1630 2527 1723 2566 Pro-

951 2574 1087 2620 phetae.
1127 2574 1229 2610 Sicut
1270 2575 1374 2611 enim
1423 2574 1492 2610 luit
1529 2574 1645 2612 Jonas
1682 2577 1725 2614 in

953 2627 1080 2658 ventre
1113 2622 1186 2658 ceti
1220 2621 1339 2657 tribus
1370 2621 1504 2659 diebus
1534 2627 1571 2659 et
1604 2622 1726 2661 tribus

952 2669 1143 2713 noctibus,
1165 2670 1220 2705 sic
1241 2669 1310 2705 crit
1340 2669 1457 2706 Filius
1489 2669 1658 2707 bominis
1683 2671 1725 2709 in

951 2717 1063 2754 corde
1085 2722 1206 2753 terrae.
1228 2730 1245 2750 ι»
1276 2717 1435 2762 Signum
1466 2717 1646 2765 petebant
1677 2719 1725 2756 de

951 2764 1063 2809 eoelo,
1084 2769 1119 2800 ct
1141 2765 1195 2801 eis
1226 2763 1397 2801 Christus
1417 2764 1478 2801 dat
1504 2766 1657 2812 signum
1678 2766 1725 2803 de

952 2812 1140 2858 profundo
1160 2817 1290 2854 terrae;
1313 2811 1378 2847 sed
1397 2811 1724 2859 efficacissimum,

952 2860 1054 2896 etad
1087 2859 1158 2895 hoc
1190 2858 1435 2903 destinatum.
1457 2865 1497 2897 ut
1530 2861 1724 2908 intellige-

953 2910 1036 2943 rent
1057 2905 1156 2959 quod
1189 2906 1287 2942 sicut
1321 2907 1437 2944 Jonas
1467 2908 1539 2944 suit
1571 2909 1726 2956 signum

956 2953 1148 3006 Ninivitis,
1170 2957 1254 2999 post
1272 2954 1513 2992 mansionem
1534 2956 1575 2992 in
1595 2961 1727 2995 ventre

952 3001 1025 3039 ceti
1064 2999 1184 3038 tribus
1220 3000 1354 3040 diebus
1390 3003 1498 3042 vivus
1543 3003 1727 3052 redditus,
