1858 3184
811 164 836 194 o
863 157 1034 195 1666111.
1628 152 1705 195 101

27 265 31 277 ι
65 280 68 282 .
133 244 244 287 n'est
262 245 302 286 le
322 244 459 286 Christ
477 243 582 284 dans
599 242 638 282 16
658 244 894 282 sacrement
921 241 973 282 de
1004 241 1326 282 l’Eucharistie?
1345 243 1403 282 Le
1422 241 1494 282 feu
1512 242 1564 282 de
1583 241 1625 282 la
1643 240 1710 283 di-

134 310 269 351 vinite
288 309 351 362 s'y
370 308 494 350 cache
513 307 618 347 dans
647 308 686 347 le
712 306 883 347 buisson
906 307 956 347 (16
975 306 1239 356 1’1166166116,
1260 306 1491 359 6611616666
1523 319 1619 347 5665
1649 306 1712 348 les

128 376 303 428 »6566665
323 372 659 415 566166166161165
689 384 852 414 comme
878 385 974 413 sous
993 372 1066 413 des
1086 371 1251 412 feuilles
1282 376 1324 413 et
1353 383 1438 412 une
1469 373 1627 412 666166.
1650 374 1708 413 Le

134 439 306 481 buisson
325 439 471 479 n’etait
491 451 565 491 pas
585 440 781 478 consume
800 450 877 491 par
905 437 944 477 le
978 438 1062 485 feu,
1086 437 1257 477 l’ecorce
1287 440 1330 476 et
1360 437 1419 476 les
1450 436 1616 476 feuilles
1635 436 1710 489 qui

137 506 420 558 enveloppent
439 504 478 543 le
498 507 730 544 sacrement
761 515 814 543 ne
847 506 943 542 sont
974 504 1094 555 point
1125 504 1370 542 6665661665
1395 514 1473 554 661
1492 501 1566 541 161.
1589 500 1710 541 Dela

135 568 240 610 Dieu
259 581 365 609 nous
386 568 503 621 parle
523 568 575 608 de
597 571 718 608 notre
739 568 1005 620 redemption
1028 571 1070 607 et
1089 567 1140 607 de
1165 570 1285 607 notre
1306 566 1431 614 salut,
1453 570 1495 606 et
1513 565 1603 606 cela
1617 565 1709 618 jus-

135 633 232 686 qu'a
251 634 291 673 la
310 632 370 673 fin
390 633 447 673 du
468 633 638 673 monde.
660 633 764 673 Mais
796 633 838 672 16.
862 643 1072 685 personne
1104 644 1157 671 ne
1189 632 1280 672 doit
1310 631 1590 684 s’approcher,
1613 642 1711 671 suns

73 734 83 746 ,
134 698 250 738 avoir
277 698 427 750 (166656
457 709 502 737 sa
534 698 774 747 chaussure,
797 698 939 750 image
959 698 1030 738 des
1050 697 1269 738 affectione
1290 697 1488 751 16166165,
1511 696 1585 736 (165
1616 708 1710 736 mo-

133 762 206 802 1115
227 763 423 803 1161116165
445 766 487 802 61
506 766 739 803 terrestres.
762 763 867 803 Sans
887 763 1001 815 quoi,
1022 762 1052 802 il
1083 766 1280 803 trouvera
1299 763 1371 803 des
1401 762 1546 815 661665
1577 762 1651 814 qui
1669 761 1710 802 16

135 827 383 878 hlesseront,
406 828 477 868 des
497 828 721 868 difficultes
743 840 949 868 noueuses
969 831 1012 868 et
1031 828 1250 881 6616611565
1270 840 1350 881 que
1369 828 1410 867 la
1430 827 1570 867 raison
1593 828 1710 868 toute

131 892 246 934 seule
266 905 319 934 ne
342 897 444 946 peut
472 895 684 946 penetrer.
707 894 740 934 11
771 897 965 933 trouvera
986 906 1044 933 un
1067 894 1137 934 feu
1159 894 1231 946 qui
1253 894 1291 933 le
1311 893 1499 942 brulera3
1523 894 1582 932 les
1601 903 1710 945 mys-

131 960 240 999 16165
260 958 316 998 (16
338 958 476 999 Christ
496 962 591 999 sont
615 972 670 998 un
692 959 760 999 feu
783 958 1009 1006 immortel,
1036 971 1087 998 ne
1108 958 1167 999 les
1193 963 1352 998 scrutez
1372 954 1492 1010 point
1510 956 1707 998 16616161-

130 1027 311 1072 1661661,
335 1036 430 1063 5665
452 1024 573 1076 peine
603 1024 733 1063 d'etre
760 1024 878 1064 111616
899 1024 1002 1063 (1665
1035 1027 1142 1064 66116
1174 1023 1489 1076 investigation.
1512 1025 1571 1064 Ne
1603 1035 1707 1064 vous

130 1100 183 1128 en
208 1088 441 1141 approchez
474 1088 594 1141 point
627 1089 936 1141 indignement,
970 1089 1004 1128 si
1037 1101 1141 1128 vous
1172 1101 1226 1129 ne
1260 1089 1408 1128 voulez
1440 1090 1647 1140 eprouver
1666 1087 1707 1128 16

124 1154 323 1194 »1116111661
342 1153 468 1193 d’une
490 1154 705 1194 mauvaise
725 1155 982 1194 conscience.
1149 1195 1152 1199 ,
1384 1184 1390 1191 ,

184 1220 228 1259 5⁰
255 1219 383 1258 Notre
415 1220 547 1270 esprit
579 1222 621 1258 et
656 1222 778 1259 notre
809 1231 924 1259 coeur
955 1219 1214 1259 deviennent
1244 1231 1304 1258 un
1336 1218 1506 1258 buisson
1538 1217 1704 1268 ardent,

127 1281 241 1335 pleiu
261 1283 313 1323 de
334 1283 546 1323 Dieu-Feu
566 1286 608 1323 et
627 1283 816 1324 brillant.
839 1284 946 1324 C'est
965 1283 1026 1323 lui
1047 1283 1119 1336 qui
1139 1287 1202 1324 est
1221 1295 1266 1323 66
1284 1284 1354 1324 feu
1374 1283 1490 1323 divin
1511 1283 1562 1322 de
1582 1283 1656 1336 qui
1674 1281 1706 1323 il

129 1350 192 1388 est
209 1348 312 1387 ecrit
335 1360 344 1387 :
366 1362 385 1387 «
407 1349 456 1389 Je
477 1348 562 1388 suis
587 1358 697 1388 venu
718 1351 916 1401 apporter
948 1361 1006 1388 un
1039 1348 1108 1388 feu
1142 1361 1214 1388 sur
1244 1349 1286 1388 la
1317 1351 1441 1396 terre,
1465 1353 1506 1388 et
1526 1360 1607 1400 que
1627 1348 1703 1389 (16-

133 1412 290 1464 sirai-Je
309 1415 429 1453 autre
462 1413 600 1461 chose,
623 1413 744 1453 sinon
777 1412 879 1465 qu'il
910 1412 1130 1453 s'allume?
1150 1413 1263 1464 (Luc.
1286 1412 1377 1466 x11.)
1399 1413 1507 1453 C'est
1538 1412 1598 1452 lui
1629 1412 1705 1465 qui

128 1480 194 1517 est
212 1489 258 1517 66
277 1478 346 1518 feu
368 1478 441 1530 qui
461 1478 686 1518 embrasait
706 1479 763 1518 les
783 1479 941 1530 pierres
961 1478 1064 1518 dont
1083 1477 1113 1517 il
1132 1481 1194 1517 est
1213 1478 1275 1517 dit
1294 1478 1398 1518 dans
1418 1477 1623 1526 Ezechiel,
1644 1489 1701 1518 en

130 1541 299 1595 pariant
318 1555 371 1582 au
390 1543 575 1595 premier
593 1555 704 1594 ange
733 1543 829 1595 deja
857 1543 1086 1582 6616661116
1106 1543 1210 1583 (1665
1231 1544 1269 1583 16
1288 1543 1417 1595 666116
1441 1554 1450 1581 :
1470 1558 1489 1579 ι
1511 1544 1574 1583 Tu
1595 1554 1707 1583 mar-

130 1605 244 1646 611615
263 1618 317 1646 au
337 1606 482 1646 milieu
515 1607 565 1646 de
598 1608 756 1660 pierres
777 1620 829 1647 en
863 1608 948 1647 feu.
963 1622 983 1645 »
1009 1607 1117 1648 C’est
1137 1609 1161 1647 a
1181 1620 1226 1648 66
1246 1608 1317 1647 feu
1348 1620 1430 1660 que
1462 1608 1521 1647 les
1552 1608 1704 1661 6561115

127 1670 299 1711 celestes
320 1671 491 1711 doivent
510 1672 599 1712 leur
621 1685 721 1712 nom
741 1673 791 1713 de
813 1673 1053 1726 seraphim,
1077 1673 1321 1714 c’est-a-dire
1339 1674 1517 1714 Ardents
1538 1677 1580 1714 et
1598 1674 1699 1714 Em-

124 1736 281 1777 brases.
302 1737 358 1777 Ce
379 1736 464 1786 feu,
488 1737 559 1789 qui
592 1750 789 1778 consume
809 1738 934 1778 l'ame
969 1750 1132 1779 comme
1152 1751 1209 1779 un
1230 1739 1399 1779 buisson
1418 1738 1475 1778 vil
1506 1742 1549 1779 61
1579 1738 1702 1779 hum·

125 1801 211 1851 hle,
227 1813 281 1842 ne
302 1813 500 1842 consume
519 1802 639 1854 point
658 1803 763 1843 mais
784 1803 812 1842 il
832 1803 1137 1855 perfectionne,
1155 1803 1184 1843 il
1204 1816 1256 1844 ne
1277 1804 1436 1844 (1611611
1454 1803 1572 1857 66161
1593 1803 1702 1844 mais

129 1866 157 1906 il
179 1866 397 1917 construit,
423 1866 453 1906 il
473 1879 526 1907 ne
553 1868 806 1908 transfor-me
825 1881 898 1921 pas
930 1881 984 1909 en
1014 1869 1187 1910 cendres
1207 1869 1312 1910 mais
1331 1881 1384 1909 en
1404 1869 1526 1918 Dieu,
1547 1870 1578 1909 il
1603 1882 1699 1922 per-

124 2061 166 2098 in
186 2061 443 2099 Eucharistico
463 2063 727 2100 Sacramento?
748 2064 802 2101 lbi
821 2065 884 2100 Di-

124 2108 290 2146 vinitatis
322 2109 422 2156 ignis
450 2112 664 2148 continetur
703 2112 741 2148 in
781 2112 886 2149 Rubo

65 2175 69 2178 ·
121 2155 369 2194 humanitatis
400 2158 532 2202 latens,
552 2159 887 2196 sacramentalibus

122 2204 318 2251 speciebus
337 2205 442 2252 quasi
462 2205 563 2242 foliis
591 2211 626 2242 et
651 2207 789 2244 cortice
810 2208 887 2244 cir-

122 2252 368 2289 cumvelatus.
391 2252 468 2290 Nec
487 2253 614 2290 Rubus
641 2254 688 2290 ab
710 2255 781 2291 hoc
802 2255 887 2300 igne

122 2298 370 2344 comburitur,
410 2310 481 2336 nec
518 2305 645 2338 cortex
691 2308 755 2338 aut
800 2303 888 2339 solia

121 2346 474 2384 circumambientia
489 2355 777 2386 consumuntur.
796 2351 887 2386 Inde

122 2403 194 2430 nos
211 2394 416 2441 alloquitur
436 2395 476 2432 in
497 2395 613 2432 finem
627 2407 744 2443 usque
758 2398 887 2434 saeculi

124 2440 236 2486 Deus,
275 2442 322 2478 de
370 2447 498 2479 nostra
547 2444 806 2490 redemptione
852 2449 888 2481 et

116 2488 254 2525 salute.
276 2489 347 2526 Sed
382 2490 473 2527 illuc
503 2501 617 2528 nemo
649 2492 757 2528 debet
777 2503 887 2529 acce-

123 2534 224 2580 dere,
241 2537 315 2573 nisi
334 2536 514 2584 depositis
533 2539 670 2575 calceis
693 2550 701 2575 :
727 2540 796 2576 hoc
817 2545 885 2583 est,

125 2580 386 2635 affectionibus
414 2585 588 2631 impuris,
608 2587 884 2634 simulquera-

124 2629 287 2682 tionibus
307 2632 484 2669 humanis
499 2637 533 2668 et
554 2635 724 2670 terrenis.
739 2635 886 2682 Alioqui

124 2685 252 2722 spinas
270 2680 443 2726 reperiet,
465 2680 601 2727 quibus
621 2681 792 2726 laedetur,
813 2693 886 2719 no-

124 2722 234 2776 ‹losas
253 2729 288 2761 et
314 2726 486 2773 spinosas
517 2727 772 2775 difficultates,
793 2741 885 2776 quas

124 2774 218 2823 ratio
241 2771 335 2824 ,5616
371 2785 450 2811 666
487 2780 607 2821 661651
644 2782 840 2823 6611611616
874 2789 882 2814 :

122 2822 291 2871 inveniet
324 2823 360 2856 et
396 2821 523 2868 ignem
571 2834 644 2869 quo
690 2825 881 2861 aduratur.

123 2864 228 2919 Ignis
251 2911 257 2918 .
281 2869 505 2920 immortalis
560 2875 646 2907 sunt
708 2873 884 2918 mysteria

121 2911 370 2966 Christ1‚noli
399 2925 442 2952 ea
472 2918 696 2962 perscrutarl
730 2924 882 2964 temere,

122 2969 172 2997 ne
209 2970 250 2996 16
288 2970 419 2999 eorum
454 2966 748 3009 perscrutatione
775 2977 883 3004 com-

926 2064 1084 2102 buraris.
1110 2066 1195 2103 Noli
1226 2067 1406 2103 accedere
1428 2067 1599 2113 indigne,
1622 2066 1696 2103 nisi

924 2113 1108 2166 damnum
1129 2115 1268 2150 sentire
1300 2115 1392 2150 velis
1423 2125 1546 2161 pravae
1577 2123 1695 2151 cons-

927 2161 1089 2197 enentiae.

972 2210 1011 2244 5⁰
1038 2209 1219 2255 Denique,
1242 2220 1350 2246 mens
1387 2214 1515 2245 nostra
1551 2212 1587 2246 et
1626 2218 1692 2246 cot

926 2261 1097 2292 nostrum
1137 2257 1176 2292 lit
1216 2257 1343 2293 Rubus
1380 2258 1547 2293 ardens:
1581 2256 1696 2303 lgne-

929 2304 1002 2340 066
1042 2304 1192 2350 plenus,
1231 2309 1267 2340 et
1321 2305 1482 2341 lucidus.
1525 2303 1592 2340 1116
1640 2306 1698 2341 651

925 2351 1030 2387 enim
1054 2352 1155 2398 ignis
1175 2352 1342 2398 divinus,
1364 2353 1410 2388 de
1431 2362 1504 2398 quo
1524 2350 1664 2388 dicitur
1683 2361 1695 2388 τ

931 2411 944 2429 «
970 2399 1100 2444 Ignem
1122 2400 1205 2436 veni
1239 2400 1386 2436 mittere
1417 2400 1457 2435 in
1487 2403 1639 2444 terram,
1659 2402 1698 2436 et

926 2447 1016 2491 quid
1037 2447 1136 2491 volo,
1158 2447 1231 2483 nisi
1266 2452 1304 2483 ut
1335 2448 1489 2483 ardeat?
1510 2460 1524 2478 υ
1551 2446 1619 2482 1116
1638 2449 1697 2484 651

926 2494 1040 2539 ignis,
1062 2505 1135 2541 quo
1157 2495 1265 2540 igniti
1286 2499 1374 2530 sunt
1396 2493 1539 2539 lapides
1559 2493 1631 2538 illi,
1647 2494 1695 2531 de

925 2541 1062 2587 quibus
1082 2543 1120 2578 in
1134 2542 1327 2579 Ezechiele
1337 2542 1382 2577 ad
1395 2542 1561 2588 primum
1573 2541 1693 2589 Ange-

926 2589 1005 2625 lum
1026 2594 1180 2635 peccato
1197 2590 1277 2635 jam
1297 2588 1583 2626 obtenebratum
1603 2589 1696 2628 dici-

925 2641 984 2672 tur
1006 2647 1015 2673 :
1042 2652 1055 2668 «ι
1081 2638 1125 2673 16
1147 2638 1273 2674 medio
1300 2636 1468 2682 lapidum
1488 2637 1695 2684 ignitorum

924 2684 1158 2720 ambulabas.
1186 2699 1197 2715 n
1217 2684 1269 2720 Ab
1301 2684 1371 2720 hoc
1407 2685 1508 2731 igne,
1538 2685 1694 2732 spiritus

924 2731 980 2767 illi
1011 2732 1183 2768 coelestes
1209 2731 1405 2777 Seraphim
1424 2731 1513 2768 dicti
1534 2736 1637 2775 sunt,
1653 2731 1694 2769 id

923 2783 992 2823 est,
1014 2779 1199 2815 Ardentes
1230 2783 1265 2814 et
1294 2779 1463 2816 Accensi.
1487 2779 1555 2816 llic
1574 2778 1690 2825 ignis.

923 2836 996 2872 quo
1016 2826 1167 2862 animus
1188 2826 1305 2862 instar
1326 2826 1421 2863 Rubi
1442 2826 1514 2863 sibi
1547 2827 1633 2863 vilis
1653 2830 1692 2863 61

924 2873 1079 2909 humilis
1117 2873 1369 2920 succenditur,
1390 2885 1470 2911 non
1498 2874 1691 2911 consumit

923 2921 987 2956 sed
1019 2919 1180 2966 perficit,
1204 2930 1282 2958 non
1316 2921 1474 2958 destruit
1508 2922 1574 2958 sed
1607 2922 1690 2959 ins-

922 2967 1025 3011 truit,
1047 2978 1125 3004 non
1154 2967 1196 3004 iu
1221 2969 1368 3006 cineres
1401 2969 1466 3006 sed
1496 2969 1538 3006 in
1568 2969 1689 3008 Deum
