1858 3184
1629 156 1708 197 5⁸8

139 259 212 288 sur
229 246 270 289 18
289 246 374 289 5011·
390 258 486 288 vers
504 246 606 298 Noe,
627 247 800 300 portant
817 245 923 286 dans
942 257 1017 285 son
1037 244 1113 285 bec
1131 255 1187 284 un
1208 255 1379 284 rameau
1413 243 1604 285 d'olivier
1621 255 1709 287 aux

138 312 304 354 feuilles
321 315 471 354 vertes.
487 310 599 365 (Gen.
613 321 704 360 vm,
720 309 804 364 11.)
817 325 836 348 n
855 311 911 351 Le
931 321 1104 351 rameau
1125 309 1315 350 d'olivier
1333 308 1541 362 indiquait
1561 321 1645 363 que
1665 309 1708 352 18

137 381 250 420 terre
268 377 372 419 etait
391 377 657 418 debari-asses
676 375 747 416 des
766 387 874 416 caux
888 376 945 415 du
965 374 1134 427 deluge,
1156 377 1294 427 etque
1312 373 1419 415 Dieu
1433 375 1547 414 avait
1561 374 1707 416 conclu

136 443 178 484 18
196 443 296 496 paix
314 446 358 484 et
376 442 581 483 l’alliance
602 453 702 481 avec
722 442 822 481 Noe.
849 442 908 480 En
927 441 1194 481 considerant
1221 451 1268 480 ce
1298 451 1470 479 rameau
1499 439 1706 489 d’olivier,

136 508 196 549 les
215 510 352 560 epoux
370 519 412 548 se
431 506 727 548 souviendront
748 506 872 559 qu'ils
891 506 1063 546 doivent
1082 505 1274 557 toujours
1304 504 1423 544 avoir
1454 506 1479 543 8
1510 516 1626 544 coeur
1656 504 1709 545 de

135 585 354 614 conserver
370 573 414 614 18
443 572 542 625 paix
573 572 833 624 domestique
854 575 896 611 et
915 571 955 611 la
988 571 1209 612 concorde.
1247 570 1300 611 lls
1332 581 1375 609 se
1405 569 1709 613 souviendront

134 638 246 684 aussi
267 650 363 692 que,
385 649 548 678 comme
568 636 747 676 l’olivier
765 636 1066 689 communique
1080 648 1124 675 sa
1144 635 1324 675 richesse
1338 638 1381 675 et
1401 635 1441 674 la
1461 634 1540 674 fait
1558 635 1709 674 decon-

135 703 197 744 ler
216 715 322 756 pour
334 705 454 743 notre
468 714 615 755 usage,
631 702 739 742 ainsi
756 702 806 742 ils
819 706 914 742 sont
927 714 1090 742 comme
1105 702 1178 742 des
1193 701 1362 741 oliviers
1376 700 1535 740 fertiles
1549 699 1652 740 dans
1667 700 1707 740 18

133 768 293 808 maisou
318 768 370 808 de
395 767 514 816 Dieu,
538 768 611 820 qui
643 767 814 808 doivent
845 767 984 807 savoir
1015 767 1343 819 communiquer
1375 779 1458 806 aux
1489 765 1707 817 indigenis

135 831 280 873 l'huile
299 832 350 872 88
370 832 409 872 18
429 833 727 882 bienfaisance,
750 833 853 873 tit-ee
872 833 944 873 des
963 832 1160 872 bienfaits
1175 844 1257 885 que
1278 832 1384 872 Dieu
1404 832 1497 872 leur
1515 843 1541 871 a
1559 830 1704 883 prodi-

136 899 239 950 3885
257 898 283 938 a
302 899 581 938 eux-memes
605 900 664 938 De
685 898 725 938 la
744 902 808 938 cet
834 898 1154 938 avertissement
1186 899 1237 938 88
1258 898 1443 950 l'Apotre
1468 910 1477 936 ε
1505 911 1524 934 (ι
1546 897 1707 937 Souve-

134 974 338 1003 nez-vous
357 962 570 1004 d'exercer
591 966 627 1003 ta
642 964 801 1003 charite
815 968 859 1002 et
873 964 923 1003 88
938 964 1043 1003 18118
1058 967 1152 1016 part
1166 964 1218 1002 88
1232 975 1305 1002 vos
1318 963 1435 1002 biens
1448 974 1532 1002 aux
1547 965 1704 1001 autres.

132 1026 274 1080 (Hebr.
295 1039 384 1079 xm,
407 1028 492 1082 16.)
511 1042 531 1066 1)
556 1030 619 1069 08
640 1029 679 1068 18
699 1029 776 1069 fait
796 1041 847 1068 en
869 1032 1067 1080 excreant
1086 1028 1145 1068 les
1164 1040 1327 1068 oeuvres
1352 1028 1403 1068 de
1422 1025 1704 1077 misericorde,

134 1092 239 1133 dont
257 1092 436 1133 l'olivier
455 1097 516 1134 est
535 1095 572 1134 le
592 1094 794 1146 symbole.
829 1093 936 1134 C'est
966 1094 1174 1146 pourquoi
1203 1094 1311 1133 saint
1345 1093 1547 1145 Gregoire
1565 1091 1704 1143 (Hom.

134 1168 176 1198 v1
194 1170 265 1198 sur
283 1157 500 1212 Ezechiel),
524 1159 698 1199 traitaut
717 1159 767 1199 88
800 1158 962 1198 l'odeur
995 1159 1066 1198 des
1096 1159 1279 1198 diverses
1298 1161 1454 1206 vertus,
1484 1157 1708 1210 s'exprime

133 1234 185 1263 en
218 1235 285 1263 ces
317 1226 470 1264 termes
492 1237 502 1263 ι
530 1239 550 1262 (ι
569 1225 699 1264 Α8118
733 1227 795 1263 851
827 1224 867 1263 18
898 1224 1005 1263 sseur
1037 1224 1092 1263 du
1126 1223 1271 1272 raisin,
1305 1235 1428 1276 parce
1461 1222 1614 1275 qu'elle
1644 1224 1708 1262 est

134 1288 295 1340 grande
314 1288 354 1328 la
371 1288 516 1329 valeur
554 1293 596 1329 et
631 1289 673 1328 la
711 1292 952 1329 renommee
982 1289 1054 1329 des
1085 1289 1371 1341 predicateurs
1406 1288 1479 1341 qui
1511 1288 1709 1328 enivrent

136 1352 260 1393 l'ame
279 1354 351 1393 des
371 1354 604 1394 auditeurs.
626 1356 756 1395 Autre
777 1357 839 1394 est
869 1355 907 1394 18
928 1355 1035 1394 11881
1055 1354 1105 1394 88
1125 1354 1316 1403 l'olivier,
1338 1366 1462 1407 parce
1483 1365 1564 1406 que
1584 1353 1706 1393 l'oeu-

135 1429 208 1458 vre
229 1418 279 1458 de
300 1419 568 1459 misericorde
589 1423 652 1459 est
672 1432 814 1468 suave,
836 1420 886 1459 88
919 1420 958 1459 18
980 1419 1247 1459 misericorde
1268 1419 1341 1472 qui
1372 1419 1536 1459 nourrit
1568 1422 1610 1459 et
1630 1417 1710 1458 tuit

135 1494 299 1524 comme
319 1483 478 1524 l'huile.
502 1486 632 1524 Autre
651 1493 712 1524 est
732 1485 772 1524 18
793 1485 899 1524 fleur
920 1485 970 1524 88
992 1485 1137 1530 105181,
1158 1496 1282 1536 parce
1303 1496 1385 1536 qne
1413 1484 1453 1524 la
1484 1484 1551 1523 vie
1583 1483 1707 1522 char-

135 1548 245 1588 nelle
266 1548 486 1589 s'embellit
505 1562 581 1601 par
600 1561 684 1589 une
703 1549 880 1590 blanche
899 1549 1115 1601 virginite.
1139 1551 1268 1589 Autre
1282 1554 1344 1588 est
1362 1548 1403 1588 18
1422 1549 1528 1588 fleur
1546 1547 1603 1587 88
1621 1546 1707 1587 vio·

133 1611 288 1662 lettier,
311 1626 434 1666 parce
455 1614 607 1667 qu'elle
627 1617 688 1654 est
709 1615 865 1667 grande
885 1614 924 1654 la
939 1618 1059 1654 vertu
1080 1615 1152 1654 des
1172 1614 1380 1657 humhtes.
1397 1614 1485 1666 qui,
1501 1614 1708 1666 occupant

131 1676 174 1718 18
193 1678 386 1719 dernier-e
406 1679 522 1732 place
542 1679 700 1719 desiree
714 1692 791 1732 par
803 1680 895 1720 leur
908 1680 1117 1729 humilite,
1134 1691 1187 1719 ne
1207 1679 1407 1719 s'elevent
1426 1691 1501 1731 pas
1520 1678 1571 1718 de
1592 1681 1726 1723 terre.

131 1754 188 1784 en
206 1743 311 1785 haut
330 1747 372 1785 et
394 1745 571 1796 gardent
591 1745 631 1784 18
650 1758 832 1798 pourpre
853 1745 907 1785 du
930 1757 1133 1797 royaume
1163 1745 1314 1785 celeste
1334 1745 1439 1784 dans
1470 1744 1563 1784 leur
1594 1744 1704 1783 inte-

131 1807 261 1848 rieur.
282 1811 412 1849 Autre
432 1814 494 1850 est
515 1809 672 1849 l’odeur
691 1810 742 1849 88
775 1810 872 1861 l’epi
905 1811 1014 1856 mur,
1046 1822 1170 1863 parce
1191 1822 1273 1862 que
1307 1810 1347 1848 la
1379 1808 1612 1861 perfection
1632 1808 1708 1848 des

131 1871 290 1913 honnes
306 1886 468 1914 oeuvres
487 1878 548 1914 est
568 1875 771 1926 preparee
791 1887 898 1927 pour
918 1875 956 1914 le
989 1875 1284 1914 rassasiement
1318 1874 1368 1914 de
1391 1886 1495 1914 ceux
1527 1874 1600 1926 qui
1631 1875 1708 1913 ont

505 167 557 199 m
585 165 866 199 cmcouclslou
893 166 946 196 DE
974 165 1346 198 nonu-seleucus.

135 2026 320 2062 1188888111
343 2025 534 2070 columba,
561 2027 698 2063 emissa
731 2038 777 2063 cx
799 2037 899 2069 8188,

138 2087 152 2105 α
169 2073 215 2109 ad
231 2083 426 2120 vesperam
438 2074 541 2110 venit
561 2074 607 2110 ad
632 2074 722 2120 Noe,
745 2079 900 2121 portans

134 2130 283 2157 ramum
321 2121 431 2158 olivae
475 2121 684 2158 virentibus
722 2122 822 2159 soliis
861 2123 899 2158 in

133 2178 198 2205 ore
217 2178 298 2205 suo.
324 2184 337 2202 »
361 2168 605 2214 Signilicabat
624 2169 806 2206 nimirum
838 2181 899 2206 18-

133 2225 219 2253 mus
255 2215 364 2252 olivae
401 2217 641 2253 securitatem
679 2217 725 2253 ab
776 2218 897 2263 aquis,

132 2273 339 2310 pacemque
359 2268 394 2300 81
414 2264 534 2301 t'oedus
565 2275 654 2301 cum
695 2266 781 2307 Deo,
804 2265 899 2302 dilu-

131 2310 286 2365 110188]
315 2316 500 2348 cessante.
529 2312 772 2349 Meminerint.
810 2323 897 2359 crgo

132 2367 311 2405 conjuges
333 2358 404 2396 1108
434 2359 543 2396 otivae
574 2360 789 2405 symbolum
810 2371 896 2396 con-

133 2406 373 2452 templantes,
407 2417 540 2453 pacem
578 2408 824 2444 domesticam
862 2413 896 2444 et

133 2452 374 2489 concordiam
395 2455 599 2500 perfectam
637 2465 786 2501 semper
824 2455 895 2491 sibi

132 2508 233 2552 curae
252 2499 386 2537 debere
406 2512 486 2538 esse
506 2506 541 2539 81
561 2503 678 2539 cordi.
709 2502 894 2539 Memine-

131 2549 207 2582 rint
233 2546 390 2600 iterum,
411 2550 509 2595 quod
543 2550 637 2586 sicut
671 2550 769 2587 oliva
807 2551 894 2596 pin-

131 2593 334 2639 guedinem
365 2605 469 2632 suam
494 2598 766 2641 communicat,
789 2602 823 2634 et
857 2599 895 2634 in

131 2644 303 2678 nostrum
341 2642 482 2679 derivat
506 2654 637 2686 usum;
672 2646 722 2681 ita
743 2656 782 2681 sc
807 2650 896 2681 tam-

133 2697 245 2733 quam
266 2688 385 2725 olivas
404 2689 612 2729 fructiferas
633 2694 673 2729 in
693 2694 806 2730 domo
831 2693 894 2729 Dei

131 2744 213 2789 esse
251 2735 450 2783 plantatas,
476 2742 517 2774 ut
546 2739 593 2776 de
630 2740 895 2777 benedictione

132 2781 242 2836 511118
268 2783 342 2819 Deo
371 2786 660 2832 communicata,
681 2788 767 2824 aliis
792 2788 895 2824 indi-

125 2829 310 2883 gentibus
330 2830 589 2870 beneficentiae
618 2835 744 2872 oleum
777 2846 891 2872 nove-

134 2880 207 2912 11111
229 2879 523 2916 8018818818818.
545 2881 649 2919 Unde
668 2893 732 2920 eos
758 2894 893 2920 mone—

134 2923 196 2960 bat
234 2923 468 2971 Apostolus:
506 2941 520 2959 ι
561 2928 822 2967 Beneficentiae
860 2935 895 2966 et

130 2973 416 3010 communionis
428 2974 547 3012 nolite
559 2975 744 3024 oblivisci,
762 2993 776 3013 ι
795 2978 895 3026 quod

941 2028 979 2063 111
1020 2039 1084 2074 per
1122 2038 1235 2074 opera
1279 2027 1563 2071 misericordiae,
1598 2028 1708 2074 cujus

939 2076 1037 2111 oliva
1073 2075 1185 2111 etiam
1224 2075 1440 2120 symbolum
1479 2076 1572 2111 solet
1610 2085 1705 2112 esse.

943 2123 1045 2159 Undc
1067 2127 1218 2159 sanctus
1238 2123 1453 2169 Gregorius,
1486 2122 1593 2158 Hom.
1615 2124 1639 2158 6
1665 2123 1707 2159 in

940 2170 1142 2214 Ezechiel„
1154 2171 1200 2206 de
1214 2171 1327 2207 odore
1342 2170 1574 2206 diversarum
1585 2170 1705 2207 viriu-

939 2222 1019 2254 tum
1048 2228 1177 2263 agens,
1206 2218 1259 2254 sic
1293 2218 1384 2254 dicit
1408 2228 1415 2253 :
1443 2232 1455 2249 n
1482 2216 1595 2253 Aliter
1631 2217 1707 2254 olet

939 2268 1004 2301 nos
1025 2266 1228 2311 uv11÷,‹1ui21
1260 2276 1397 2311 magna
1435 2269 1490 2301 851
1529 2264 1706 2311 praedica-

938 2318 1060 2349 torum
1091 2313 1208 2349 virtus
1222 2317 1256 2349 et
1271 2313 1415 2359 opinio,
1431 2312 1494 2359 qui
1517 2312 1706 2350 inebriant

937 2365 1081 2397 mentes
1095 2361 1344 2397 audientium.
1363 2360 1477 2396 Aliter
1500 2363 1566 2396 flos
1580 2360 1704 2405 olivae,

936 2409 1023 2454 quia
1054 2419 1167 2444 suave
1195 2413 1250 2444 est
1281 2419 1375 2455 opus
1420 2407 1704 2452 misericordiae,

936 2466 1019 2501 quae
1045 2466 1148 2492 more
1180 2456 1254 2492 olei
1275 2457 1373 2492 fovet
1394 2460 1428 2492 et
1450 2456 1561 2491 lucet.
1589 2455 1704 2492 Aliter

935 2506 1002 2540 nos
1023 2514 1130 2548 rosae,
1153 2504 1240 2550 quia
1273 2504 1433 2539 88118188
1469 2503 1542 2538 vita
1579 2502 1705 2540 carnis

934 2555 989 2587 est
1033 2552 1079 2587 de
1130 2551 1416 2597 incorruptione
1462 2550 1702 2597 virginitatis.

934 2598 1048 2635 Aliter
1087 2602 1155 2635 1105
1193 2598 1315 2642 violae,
1346 2599 1434 2644 quia
1472 2608 1609 2643 magna
1646 2602 1702 2634 est

934 2646 1052 2682 virtus
1093 2646 1310 2689 humilium,
1336 2646 1401 2692 qui
1438 2656 1485 2682 ex
1516 2645 1704 2682 desiderio

935 2694 1067 2730 ultima
1083 2694 1163 2730 loca
1184 2698 1354 2730 tenentes
1365 2704 1405 2730 se
1425 2703 1490 2739 per
1513 2693 1701 2730 humilita-

935 2747 1009 2777 tem
1028 2752 1050 2776 a
1071 2746 1167 2777 terra
1188 2741 1228 2776 in
1248 2741 1364 2776 altum
1386 2751 1466 2777 non
1486 2740 1702 2787 sublevant,

934 2793 970 2825 et
988 2788 1153 2825 coelestis
1173 2788 1494 2834 regnipurpuram
1516 2789 1555 2824 in
1576 2791 1705 2826 mente

935 2840 1097 2872 servant.
1121 2836 1235 2872 Aliter
1255 2836 1400 2872 redolet
1419 2836 1523 2883 spica
1548 2845 1636 2872 cum
1654 2836 1705 2873 88

936 2883 1189 2919 maturitatem
1210 2883 1442 2930 perducitur,
1465 2883 1552 2929 quia
1579 2883 1701 2920 bono-

934 2941 1018 2966 rum
1056 2941 1212 2976 operum
1250 2931 1430 2976 perfectio
1463 2931 1510 2967 88
1549 2931 1702 2968 5811818-

934 2982 1010 3014 tem
1030 2988 1161 3014 eorum
1197 2978 1260 3025 qui
1289 2978 1474 3024 justitiam
1511 2978 1697 3026 esuriunt,
