1858 3184
666 155 768 195 nm
796 164 848 195 88
876 153 1148 196 1188188818.
1609 158 1702 198 65⁸³

122 246 251 292 fleta.
262 257 310 287 88
327 243 539 298 glorieuse
557 242 771 284 ascension
791 254 846 283 en
863 244 1063 296 presence
1079 241 1152 282 (188
1171 241 1363 283 hommes
1376 242 1512 284 81818
1525 243 1688 296 grande

119 311 308 366 inierdes
338 310 496 362 Auges.
528 308 669 358 Enfm,
689 307 721 347 11
751 307 893 348 devait
923 307 964 348 le
996 307 1183 360 glorifier
1219 320 1295 360 par
1333 308 1375 347 18
1406 309 1576 349 mission
1615 309 1699 351 (188·

123 375 388 430 Angesdans
406 375 446 414 18
464 373 617 415 monde
636 373 783 423 entier,
805 373 986 425 lesquels
1011 373 1342 412 annonceraient
1367 386 1438 412 son
1459 386 1562 414 nom
1580 378 1623 415 et
1640 385 1702 416 sa·

124 441 260 495 910118
278 442 303 480 a
321 443 458 481 tontes
486 439 546 480 les
578 438 755 488 natione,
771 441 814 478 81
845 439 885 478 18
916 438 1278 478 manifesteraient
1311 438 1642 491 intrepidement
1659 442 1687 480 8

122 508 218 547 tous
236 506 296 546 les
315 506 398 545 rois
418 507 459 544 et
478 506 503 543 8
521 508 614 543 tous
633 503 693 543 les
712 503 897 543 Princes.

175 571 279 612 Mais
298 570 340 610 18
358 570 452 610 voix
471 568 620 609 celeste
640 568 697 608 du
718 569 821 608 Pere
842 580 896 608 88
915 568 978 608 (111
996 580 1070 620 pas
1090 567 1319 608 seulement
1338 567 1441 620 qu'il
1475 568 1688 620 glorifiera.

122 635 163 679 le
181 635 280 686 Fils,
302 635 383 675 elle
413 634 475 674 dit
504 633 615 674 aussi
648 632 750 686 qu’il
781 633 837 673 l'a
866 633 961 684 deja
993 633 1171 684 glorifie.
1194 634 1244 672 Et
1262 632 1350 672 cela
1380 635 1441 672 est
1474 634 1577 682 vrai,
1599 646 1685 680 881,

122 703 216 745 tant
233 713 287 742 au
307 702 666 740 commencement
686 698 736 738 de
755 710 801 738 sa
819 698 885 739 vie
905 697 1034 750 qu'au
1065 700 1425 738 commencemeut
1445 702 1487 738 et
1507 700 1532 737 a
1553 699 1593 738 18
1626 699 1686 739 118

122 766 176 811 (18
192 778 239 807 sa
256 764 526 818 predicatum,
548 764 579 804 il
598 763 653 803 l'a
670 764 1067 803 miraculeusement
1086 763 1296 816 proclame
1316 775 1478 802 comme
1509 775 1586 803 son
1618 763 1687 804 fils

122 834 167 874 et
183 843 209 871 8
227 829 448 871 manifeste
469 841 513 869 sa
534 829 683 880 gleire.
706 828 827 868 Voila
847 828 1057 880 pourquoi
1079 828 1108 867 il
1128 827 1189 867 dit
1212 841 1221 867 :
1248 842 1267 865 «
1289 829 1401 867 Nous
1421 840 1549 867 avons
1568 841 1623 868 vu
1643 841 1690 869 88

124 894 273 949 gleire,
296 894 337 935 18
357 894 490 946 gloire
522 893 578 933 du
609 892 675 932 fils
705 891 863 944 unique
894 893 950 932 du
978 894 1094 932 Pere.
1119 892 1248 945 (Jean.
1270 904 1298 941 1,
1321 893 1405 946 21.)
1428 908 1447 931 n
1473 894 1528 934 Sa
1555 893 1690 945 gleire

121 960 317 1006 nat-ene
336 972 409 1012 pas
428 960 493 999 ete
512 958 775 1006 manifestee,
798 969 851 997 88
871 958 1073 1010 Bapteme
1092 970 1254 998 comme
1274 959 1300 997 a
1319 958 1360 998 la
1390 959 1686 1010 Transfigura-

119 1026 225 1075 1108,
260 1037 335 1078 par
365 1027 472 1064 cette
506 1023 765 1075 magnifique
796 1023 971 1075 parole:
997 1038 1016 1059 α
1039 1022 1224 1082 Celui-ci¹
1244 1026 1306 1063 est
1339 1035 1436 1063 mon
1470 1023 1535 1063 fils
1564 1024 1686 1064 bien-

120 1090 247 1140 81818,
269 1102 321 1130 en
342 1089 415 1142 qui
430 1088 504 1140 ¹j'ai
525 1089 602 1128 mis
620 1091 758 1128 108188
778 1100 865 1128 1888
885 1087 1240 1140 complaisances?
1261 1087 1393 1141 (ibid.)
1415 1102 1435 1125 υ
1474 1090 1530 1129 Sa
1550 1088 1686 1140 gloire

122 1167 284 1198 comme
304 1154 370 1194 fils
388 1153 543 1206 unique
563 1153 618 1193 du
640 1155 741 1193 Pere
761 1152 967 1193 8’8-1-8118
986 1165 1059 1205 pas
1078 1165 1200 1205 paru,
1222 1165 1323 1193 avec
1341 1166 1406 1193 ces
1437 1156 1578 1206 Auges
1613 1154 1688 1207 qui

122 1220 358 1263 montaient
376 1222 419 1260 et
437 1218 733 1259 descendaient
752 1218 966 1258 au-dessus
986 1218 1037 1256 de
1056 1217 1143 1256 lui?
1164 1218 1369 1258 N'a-t·elle
1388 1231 1463 1265 pas
1495 1221 1561 1258 ete
1594 1231 1686 1259 ma-

122 1286 289 1334 nifeste,
312 1285 415 1325 dans
436 1286 526 1324 1881
546 1284 597 1324 (18
617 1283 807 1323 miracles
829 1283 901 1335 qui
919 1283 1076 1322 etaient
1095 1286 1257 1322 comme
1276 1286 1426 1322 autaut
1446 1284 1496 1323 de
1528 1295 1688 1337 rayons

122 1351 236 1394 dela
266 1350 441 1390 divinite
473 1349 646 1388 brillant
676 1351 701 1388 8
731 1351 890 1388 travers
921 1348 962 1388 la
994 1351 1102 1387 uuee
1128 1348 1178 1388 de
1211 1360 1255 1387 sa
1289 1348 1431 1389 cheir?
1451 1350 1605 1389 Toutes
1622 1360 1689 1390 888

121 1415 269 1457 8110888
285 1415 590 1468 proclamerent
610 1416 902 1454 ouvertement
921 1426 967 1453 sa
999 1413 1148 1465 gloire,
1169 1425 1222 1452 88
1253 1418 1615 1454 commencement
1644 1416 1688 1455 et

121 1483 148 1522 8
166 1480 213 1522 la.
224 1480 284 1521 fin
304 1480 355 1520 de
375 1492 419 1520 sa
439 1479 714 1532 predication.
736 1480 898 1519 Durant
928 1491 1002 1518 son
1032 1479 1209 1518 enfance
1241 1491 1327 1518 808
1363 1478 1470 1530 plus,
1494 1478 1524 1518 il
1544 1491 1597 1518 88
1619 1479 1687 1519 fut

119 1558 195 1600 pas
213 1546 329 1598 prive
349 1545 400 1589 de
422 1544 698 1596 glorification
718 1544 769 1583 de
789 1543 830 1583 18
847 1546 944 1595 part
963 1544 1013 1583 (18
1034 1555 1109 1582 808
1130 1544 1248 1592 Pere,
1271 1544 1351 1582 soit
1372 1543 1410 1582 le
1438 1543 1538 1595 jour
1570 1544 1622 1584 de
1642 1555 1688 1584 88

118 1610 356 1659 Naissanoe,
378 1610 515 1662 quand
535 1620 620 1649 une
638 1608 766 1648 clarte
786 1608 934 1648 celeste
959 1611 1137 1647 8810818
1169 1607 1228 1647 188
1259 1609 1402 1659 Auges
1430 1612 1471 1648 et
1499 1609 1558 1648 les
1589 1608 1687 1648 ber-

122 1687 233 1729 gere,
255 1678 297 1715 81
327 1675 385 1715 188
412 1673 617 1714 conduisit
644 1676 669 1713 a
699 1685 772 1713 son
803 1673 995 1722 berceau,
1017 1672 1097 1712 soit
1127 1676 1291 1713 8811081
1329 1686 1382 1712 88
1421 1686 1466 1713 88
1499 1674 1601 1724 jour
1635 1674 1687 1715 de

121 1740 371 1782 l’adoration
393 1740 464 1779 des
487 1739 581 1779 Rois
602 1739 674 1790 qui
694 1739 826 1790 prend
850 1740 886 1778 le
909 1749 1007 1777 nom
1038 1738 1310 1791 d’E'pe'pltam‘e
1342 1750 1396 1777 ou
1431 1739 1684 1778 manifesta·

122 1806 211 1859 tion
230 1818 306 1858 par
323 1804 573 1854 excellence,
594 1815 716 1856 parce
737 1815 818 1855 que
848 1803 886 1842 le
918 1805 1020 1842 Pere
1052 1802 1265 1855 proclama
1296 1803 1339 1842 18
1372 1803 1506 1854 gleire
1542 1802 1594 1842 de
1612 1815 1689 1843 son

123 1870 209 1912 Fils
226 1882 303 1922 par
319 1880 404 1909 une
422 1868 645 1920 splendeur
664 1868 814 1908 celeste
834 1871 875 1906 81
893 1867 1041 1906 voulut
1061 1879 1142 1919 que
1174 1867 1246 1906 des
1278 1867 1375 1907 Rois
1407 1867 1610 1917 d'Orient,
1635 1879 1689 1908 au

122 2022 347 2062 ascensione
366 2023 407 2058 in
436 2026 641 2068 conspectu
671 2021 884 2063 hominum,

926 2021 1057 2063 lectus,
1083 2021 1122 2056 in
1154 2031 1228 2067 quo
1256 2021 1351 2056 mihi
1377 2021 1604 2067 complacui,
1627 2022 1689 2068 ip·-

122 2076 189 2117 81]
182 2070 299 2107 ubilo
328 2070 569 2115 Angelorum.
594 2070 763 2114 Denique
799 2079 884 2104 eum

925 2079 1006 2103 sum
1028 2069 1211 2104 audite?
1211 2068 1435 2113 »Numquid
1455 2069 1574 2114 gloria
1606 2079 1688 2115 eJus

122 2118 399 2156 clarificaturus
437 2122 515 2153 erat
552 2116 815 2171 Apostolorum
847 2117 885 2151 in

123 2166 344 2203 universum
395 2164 525 2200 orbem
580 2164 775 2207 missione,
821 2164 885 2208 qui

123 2214 207 2260 ejns
226 2223 365 2250 nomen
387 2216 422 2247 et
442 2212 600 2258 gloriam
620 2210 885 2248 annuntiaturi

124 2265 232 2298 erant
252 2259 431 2296 omnibus
462 2259 649 2304 gentibus,
685 2258 884 2296 omnibus

125 2318 200 2355 que
218 2307 379 2354 Regibus
396 2311 432 2343 et
451 2307 689 2354 Principibus
702 2306 887 2352 intrepide

126 2355 416 2393 manifestaturi.

149 2431 154 2438 .
172 2403 246 2440 Sed
267 2403 372 2440 Pater
391 2412 470 2439 non
490 2402 613 2438 solum
633 2412 724 2438 voce
744 2400 887 2437 coelesti

126 2450 331 2496 respondet
350 2459 389 2486 se
407 2450 703 2486 clarificaturum
725 2449 885 2485 Filium:

126 2497 249 2536 immo
267 2497 370 2534 addit
389 2506 430 2533 se
446 2507 533 2534 eum
549 2498 627 2551 jam
642 2496 883 2550 glorificasse.

127 2544 175 2582 Et
203 2544 274 2580 hoc
306 2554 434 2580 verum
465 2549 534 2585 est
553 2545 640 2599 quia
671 2549 747 2580 tam
779 2543 888 2579 initio

126 2592 250 2630 aetatis
267 2590 363 2636 ejuS‚
384 2601 497 2637 quam
515 2592 625 2628 initio
646 2596 682 2628 et
702 2591 777 2627 fine
797 2602 888 2636 prae·

127 2639 345 2682 dicationis,
377 2648 464 2692 eum
499 2643 541 2676 ut
579 2639 702 2676 filium
740 2639 889 2675 coelitus

127 2686 346 2729 declaravit,
357 2685 511 2732 ejusque
536 2687 693 2734 gloriam
715 2686 889 2722 manifes

127 2734 233 2771 tavit
275 2734 474 2787 Propterea
508 2733 629 2772 dicit:
668 2747 682 2766 «
717 2734 890 2769 Vidimus

127 2781 290 2836 gloriam
310 2780 405 2826 ejus,
425 2781 582 2827 gloriam
610 2781 716 2829 quasi
751 2782 843 2827 Uni«o
831 2791 888 2816 ’8-

127 2828 203 2866 niti
228 2839 251 2864 a
283 2828 402 2865 Patre.
427 2842 440 2860 »ι
465 2828 523 2864 An
550 2839 629 2866 non
660 2829 779 2876 gloria
810 2828 890 2874 ejus

129 2875 371 2912 manifestata
400 2875 485 2919 suit,
505 2879 585 2912 tum
612 2877 655 2914 in
686 2877 889 2930 Baptismo‚

129 2928 213 2960 tum
232 2923 274 2959 in
290 2922 647 2970 Transfiguratione,
660 2924 731 2961 hac
750 2923 891 2970 magni-

132 2969 207 3045 fica
225 2980 344 3008 voce:
374 2985 389 3004 (ι
412 2971 482 3008 1118
507 2975 564 3008 881
583 2971 685 3008 Flius
703 2982 811 3009 meus
830 2971 891 3008 di·

925 2117 1029 2162 quisi
1053 2116 1241 2162 Unigeniti
1262 2128 1283 2151 a
1307 2117 1410 2151 Pure
1443 2116 1576 2162 patuit,
1609 2117 1689 2153 An-

924 2164 1017 2208 gelis
1055 2174 1166 2209 super
1202 2174 1289 2199 eum
1327 2163 1621 2199 ascendentibus
1652 2167 1691 2201 81

925 2210 1255 2247 descendentibus.
1275 2210 1463 2256 Numquid
1491 2211 1690 2248 manifesta

927 2259 995 2294 fuit
1015 2258 1054 2294 in
1075 2262 1127 2294 tot
1148 2258 1355 2301 miraculis,
1378 2258 1482 2304 quasi
1505 2263 1557 2295 tot
1589 2258 1690 2295 divi-

926 2306 1053 2342 nitatis
1074 2306 1186 2342 radiis
1207 2316 1272 2351 per
1292 2306 1432 2342 nubem
1454 2306 1581 2342 carnis
1605 2316 1689 2352 pro-

926 2353 1187 2390 micantibus?
1217 2354 1261 2389 Et
1295 2353 1375 2389 baec
1407 2354 1576 2400 quidem,
1608 2358 1690 2391 tum

927 2402 966 2437 in
987 2401 1155 2443 exordio,
1177 2405 1256 2436 tum
1279 2402 1319 2436 in
1339 2400 1415 2437 fine
1447 2401 1690 2447 praedicatio-

927 2449 1002 2492 nis,
1018 2448 1098 2493 ejus
1118 2449 1278 2492 gloriam
1291 2448 1414 2494 palam
1431 2448 1688 2494 publicarunt.

926 2496 994 2532 Sed
1016 2507 1086 2532 nec
1105 2496 1145 2532 in
1166 2496 1325 2532 infantia
1344 2496 1463 2532 defuit
1492 2496 1526 2532 ei
1546 2495 1690 2533 clarifi-

926 2543 1024 2580 catio
1043 2555 1065 2579 a
1086 2543 1206 2586 Patre,
1222 2548 1300 2579 tum
1322 2543 1361 2579 in
1382 2543 1463 2589 ipso
1478 2543 1691 2580 Nativitatis

926 2591 1001 2635 die,
1018 2591 1186 2627 claritate
1206 2590 1349 2626 coelesti
1369 2591 1530 2637 Angelos
1549 2594 1586 2627 et
1605 2591 1694 2627 Pas·

929 2643 1025 2674 tores
1057 2638 1385 2684 circumfulgente,
1413 2643 1449 2674 et
1486 2638 1533 2674 ad
1569 2648 1691 2675 cunas

928 2686 1008 2739 eJus
1039 2695 1103 2722 eos
1137 2686 1370 2729 deducente,
1360 2702 1368 2708 ·
1405 2690 1484 2722 tum
1523 2686 1691 2722 maxime

929 2734 967 2769 in
984 2733 1166 2769 hodierna
1185 2733 1268 2769 luce
1287 2733 1518 2769 adorationis
1531 2734 1689 2779 Regum,

929 2791 1011 2826 quae
1030 2791 1095 2826 per
1109 2780 1411 2816 excellentiam«
1432 2781 1657 2827 Epiphania,
1667 2795 1683 2815 n

929 2828 1007 2864 sive
1026 2827 1343 2864 manifestationis
1374 2828 1470 2872 dies,
1484 2838 1692 2875 nuncupa-

930 2880 1015 2918 tur;
1047 2876 1135 2929 quia
1166 2875 1310 2911 coelesti
1348 2876 1550 2921 splendore
1582 2876 1692 2914 Pater

931 2905 1015 2959 Filii
1034 2923 1092 2958 sui
1111 2922 1271 2968 gloriam
1290 2922 1511 2969 publicavit,
1526 2933 1693 2970 eumque

928 2969 1082 3017 publico
1113 2969 1218 3008 cultu
1248 2981 1271 3008 a
1296 2970 1460 3019 Regibus
1507 2971 1676 3010 Orientis
