1858 3184
201 164 280 203 716

202 254 246 293 et
263 263 322 290 un
342 250 399 291 tel
417 250 489 290 feu
505 250 696 290 d'amour
717 253 760 289 et
779 249 830 290 de
847 249 948 300 joie,
972 261 1055 302 que
1073 249 1171 290 e’est
1189 262 1274 290 une
1293 249 1420 290 chose
1438 248 1652 292 indicihle.
1674 252 1774 294 Puis

202 316 458 356 suhitement
476 317 657 368 apparut
674 327 758 354 une
781 314 979 354 ineffehle
999 314 1174 367 majeste
1194 318 1236 355 et
1253 315 1284 355 il
1304 327 1372 356 me
1391 315 1452 355 dit
1475 329 1485 356 :
1513 331 1533 355 c(
1551 316 1670 357 Celui
1702 318 1777 371 qui

202 394 257 423 ne
276 382 440 421 m'aura
457 393 532 433 pas
551 393 607 420 vu
626 380 734 433 petit
753 393 806 420 ne
827 392 895 420 me
914 392 1036 420 verra
1055 380 1176 433 point
1191 382 1343 433 grand.
1360 396 1380 418 »
1403 382 1456 421 Et
1469 381 1500 421 il
1513 381 1574 421 dit
1593 394 1773 424 encore:

207 463 229 483 «
247 447 296 487 Je
316 447 402 486 suis
420 458 531 503 vqnu
552 447 577 485 ὲ
596 446 672 494 toi,
689 449 731 485 et
746 445 791 498 je
811 457 878 485 me
898 446 983 485 suis
1003 446 1127 486 offert
1145 448 1170 486 ὁ.
1189 446 1264 496 toi,
1285 446 1371 486 afin
1393 458 1474 499 que
1493 451 1538 487 tu
1560 448 1776 489 t'offrisses

203 514 231 552 ὲ,
248 512 350 552 moi.
373 526 393 549 υ
416 512 516 553 Mon
537 512 632 551 eme
652 511 712 549 vit
743 514 786 549 et
816 510 1005 550 entendit
1035 513 1174 551 toutes
1204 523 1270 551 ces
1301 511 1447 552 choses
1480 524 1533 552 en
1554 516 1711 565 emese,
1731 517 1778 555 et

202 577 283 617 elle
319 577 469 617 s’offrit
504 576 630 617 d’une
667 576 854 616 maniere
892 576 1124 616 admirable
1161 580 1204 616 et
1241 577 1441 617 indicible
1479 579 1505 616 ὰ
1535 577 1610 626 lui,
1641 590 1694 618 en
1722 591 1777 620 ne

201 644 418 683 reservant
452 642 545 681 rien
579 641 860 681 d'elle-meme
893 641 938 680 ni
971 642 1023 681 de
1055 653 1119 681 ses
1149 641 1282 681 biens.
1322 642 1412 682 Elle
1449 643 1631 695 comprit
1666 645 1777 684 alors

202 720 286 760 que
305 708 411 747 Dieu
430 706 544 747 avait
563 709 670 746 cette
690 706 880 746 oblation
899 719 1006 758 pour
1026 706 1327 758 tres-agreable
1347 710 1390 747 et
1409 708 1657 749 tres-douce.
1680 725 1701 746 »

254 772 499 824 Thucydide
539 775 738 824 rapporte
783 774 913 824 qu’uu
951 772 1182 821 Athenien,
1222 772 1385 811 illustre
1422 773 1522 813 chef
1571 774 1772 825 &az-mee,

200 841 408 878 encourut
426 837 460 877 si
481 838 565 877 fort
584 837 625 877 la
644 838 780 877 colere
801 837 857 876 du
876 837 939 876 roi
961 836 1063 889 qu’il
1083 837 1293 889 s’agissait
1311 837 1363 877 de
1381 837 1421 877 le
1440 840 1591 878 mettre
1606 841 1630 878 e
1647 843 1775 880 mort.

204 904 293 952 Que
312 903 418 943 faire
437 903 541 943 dans
561 911 644 942 un'e
663 903 763 942 telle
783 903 1037 943 extremite?
1056 903 1089 943 ll
1109 903 1201 942 vint
1219 906 1391 943 trouver
1422 902 1463 942 la
1488 903 1634 954 Reine,
1656 908 1713 955 et,
1734 917 1780 946 se

202 971 472 1022 prosternant
491 971 516 1007 ἐι
535 980 598 1008 ses
629 968 747 1020 pieds
773 980 872 1007 avec
905 973 1073 1016 tarmes,
1096 968 1127 1007 il
1158 967 1199 1007 la
1229 967 1394 1020 supplia
1423 967 1698 1010 instamment
1726 971 1780 1012 de

203 1034 383 1086 daigner
415 1033 648 1074 intercedet
678 1046 786 1086 pour
829 1033 890 1072 lui
920 1034 1071 1085 aupres
1099 1033 1156 1073 du
1190 1032 1282 1073 Roi.
1323 1033 1496 1074 Gelle-ei
1533 1034 1595 1074 dit
1631 1035 1742 1076 alors
1765 1049 1777 1076 ε

206 1112 228 1137 (ι
248 1098 367 1139 Voici
386 1111 442 1138 un
460 1098 567 1151 petit
585 1098 750 1149 ensem,
772 1098 810 1137 le
830 1097 897 1137 fils
917 1098 1077 1149 unique
1097 1100 1139 1137 et
1157 1097 1390 1138 bien-aime
1410 1097 1466 1137 du
1487 1098 1580 1148 Roi,
1601 1111 1778 1151 prenez-

202 1162 243 1204 le
262 1164 366 1203 dans
385 1176 458 1203 vos
476 1164 588 1213 bras,
610 1165 955 1216 presentez-vous
974 1175 1075 1203 avec
1094 1162 1155 1202 lui
1174 1163 1329 1203 devant
1358 1163 1399 1203 le
1420 1164 1499 1204 Roi
1530 1166 1573 1204 et
1603 1164 1779 1206 deman·

202 1228 365 1270 dez-lui
385 1230 436 1269 de
456 1242 561 1270 vous
580 1229 824 1281 pardonner
854 1242 931 1281 par
961 1240 1112 1268 amour
1140 1240 1248 1280 pour
1279 1241 1325 1268 ce
1356 1229 1421 1269 fils
1452 1229 1672 1271 tres-aime
1697 1243 1780 1284 que

202 1307 306 1336 vous
325 1299 484 1348 porteZ.
506 1296 620 1336 Vous
639 1307 692 1335 ne
712 1306 826 1334 serez
844 1295 964 1346 point
982 1295 1196 1347 repousse.
1220 1310 1239 1330 »
1264 1294 1298 1334 Il
1317 1295 1538 1347 acquiesce
1552 1307 1605 1335 eu
1620 1296 1780 1337 conseil

203 1359 256 1401 de
274 1360 317 1400 la
337 1360 482 1411 Reine,
503 1363 545 1400 et
564 1360 594 1399 il
613 1373 666 1400 en
685 1360 751 1400 fut
770 1360 870 1400 bien
889 1362 1174 1412 recompenset,
1196 1372 1282 1410 car,
1298 1362 1322 1399 ἐι
1343 1361 1385 1400 la
1403 1372 1484 1400 vue
1515 1360 1567 1401 de
1600 1373 1676 1401 son
1697 1361 1778 1414 fils,

201 1424 242 1466 le
260 1426 338 1466 Rei
357 1426 418 1465 lui
438 1426 659 1478 pardonne
677 1428 772 1465 tout
789 1438 864 1465 son
879 1425 1024 1465 crime.
1046 1426 1134 1472 Que
1147 1425 1187 1465 le
1201 1425 1384 1477 pecheur
1399 1425 1536 1477 agisse
1551 1425 1602 1466 de
1617 1427 1775 1477 meme,

201 1490 306 1545 qu'il
321 1503 481 1543 prenne
498 1504 600 1531 avec
618 1491 832 1531 confiance
853 1491 925 1531 des
944 1490 1040 1530 bras
1059 1491 1111 1530 de
1130 1490 1172 1530 la
1192 1490 1322 1530 Reine
1341 1490 1650 1532 tres-clemente
1670 1504 1775 1532 avec

203 1556 375 1596 Simeon
396 1560 438 1596 et
458 1558 580 1596 Anne
600 1558 638 1596 le
658 1557 722 1596 fils
743 1557 798 1595 du
820 1556 911 1603 Rei,
934 1558 977 1596 et
1000 1556 1126 1608 qu'en
1146 1567 1220 1595 sou
1240 1567 1341 1595 nom
1372 1555 1400 1595 il
1433 1556 1597 1609 supplie
1629 1556 1668 1597 le
1702 1557 1781 1598 Rei

204 1634 312 1674 pour
331 1622 389 1662 les
408 1622 586 1662 offenses
605 1622 839 1662 commises.
863 1622 895 1660 ll
916 1634 969 1660 ne
990 1633 1145 1672 peurra
1166 1623 1255 1660 etre
1274 1623 1487 1673 repousse,
1513 1622 1618 1661 mais
1638 1622 1669 1661 il
1687 1634 1781 1663 sera

204 1689 389 1739 renvoye
410 1699 509 1727 avec
528 1687 568 1727 la
588 1688 688 1739 paix
709 1691 752 1726 et
774 1699 874 1726 avec
894 1686 934 1725 la
957 1687 1096 1738 grece.

622 171 669 200 LE
699 170 904 200 RATIONAL
932 171 1006 200 DES
1036 162 1356 202 PmichTEURs.

205 1822 327 1860 oeulis
347 1827 474 1859 tantus
493 1823 687 1869 splendor,
703 1827 739 1859 et
755 1823 853 1869 ignis
872 1833 974 1858 amo-

205 1870 258 1907 ris
276 1881 320 1907 ac
342 1871 493 1915 laetitiae,
518 1876 558 1907 ut
577 1871 625 1907 sit
645 1871 738 1907 mihi
762 1870 970 1907 indicibile.

205 1918 252 1954 Et
284 1923 375 1954 tune
413 1918 536 1954 subito
574 1920 748 1964 apparuit
787 1919 975 1954 immensa

206 1966 379 2012 quaedam
409 1967 584 2013 majestas
608 1966 828 2013 ineffabilis,
857 1966 973 2002 dixit-

206 2023 279 2060 que
301 2013 395 2050 mihi
418 2025 425 2050 1
447 2014 550 2058 «Qui
573 2025 649 2050 non
666 2015 797 2050 viderit
813 2026 871 2050 me
894 2024 973 2059 par-

1012 1826 1114 1858 tanto
1136 1822 1177 1858 in
1195 1822 1416 1858 discrimine
1433 1824 1447 1858 Ρ
1467 1822 1649 1868 Reginam
1668 1833 1781 1861 acce-

1012 1870 1080 1911 dit,
1097 1874 1133 1906 et
1151 1870 1198 1905 ad
1218 1870 1299 1916 ejus
1319 1870 1432 1916 pedes
1453 1870 1671 1917 provolutus
1692 1880 1782 1909 cum

1013 1917 1210 1961 laet-yllus,
1258 1917 1442 1954 instanter
1493 1918 1699 1965 supplicat,
1741 1922 1781 1956 ut

1012 1965 1109 2010 apud
1150 1966 1287 2012 Regem
1326 1966 1558 2002 intercedere
1589 1967 1780 2013 dignetur.

1013 2013 1079 2048 Cui
1102 2012 1166 2048 illa
1186 2024 1193 2049 ;
1216 2013 1273 2049 En
1301 2013 1478 2059 parvulus
1499 2013 1648 2057 unicus,
1670 2014 1780 2061 Regis

207 2071 309 2106 vum,
349 2072 427 2098 non
467 2061 606 2098 videbit
630 2072 704 2100 ,ine
742 2072 969 2108 inagnum.»

204 2109 422 2157 Iterumque
435 2109 554 2145 dixit:
575 2125 587 2142 «
615 2110 688 2154 Ego
702 2110 786 2146 veni
805 2110 851 2146 ad
877 2115 924 2152 te,
941 2114 975 2145 et

205 2156 325 2194 obtuli
348 2157 503 2201 metim,
521 2162 559 2193 ut
582 2161 668 2194 tute
683 2157 817 2194 offeras
833 2157 970 2193 mihi.»

208 2204 295 2241 Haec
326 2205 455 2241 emnia
487 2205 576 2240 vidit
607 2210 643 2241 et
674 2206 815 2242 audivit
847 2205 976 2241 anima

206 2262 291 2290 mea
311 2252 466 2295 elevate,
489 2257 524 2287 et
546 2258 635 2289 tunc
669 2253 779 2289 inodo
812 2252 975 2289 mirabili

206 2304 243 2337 et.
273 2300 460 2336 indicibili
492 2299 627 2336 obtulit
660 2301 692 2336 ci
725 2302 853 2337 anime
894 2311 976 2336 inea

207 2347 389 2394 seipsam
412 2348 507 2384 nihil
538 2347 624 2390 sibi,
648 2359 718 2384 nee
749 2349 795 2384 dc
830 2359 882 2390 se,
906 2359 976 2384 nee

206 2395 253 2432 de
296 2395 374 2432 suis
418 2396 656 2432 reservando.
703 2396 745 2431 Et
790 2395 977 2432 intellexit

210 2443 327 2480 Deum
375 2444 472 2479 hanc
523 2442 755 2479 oblationem
806 2443 974 2486 gratissi-

208 2501 308 2575 ndum
339 2496 374 2527 et
398 2490 699 2538 acceptissimum
736 2490 885 2527 habere.
924 2492 976 2527 lta

207 2548 219 2575 1
249 2548 275 2575 1.

255 2585 376 2622 Refert
415 2586 675 2631 Thucydides,
709 2586 975 2622 Atheniensem

206 2633 424 2718 auemdum,
446 2633 629 2680 inclytum
652 2632 798 2670 militia}
821 2633 975 2677 Duceni,

239 2681 318 2728 ogis
338 2682 387 2718 ita
421 2682 513 2718 iram
545 2682 764 2726 incurrisse,
788 2686 826 2717 ut
845 2682 891 2717 de
912 2692 976 2717 ea-

208 2728 283 2775 pite
303 2729 384 2775 ejus
415 2733 598 2773 ageretur.
623 2729 717 2773 Quid
740 2733 864 2775 ageret
898 2727 977 2775 ipse

1014 2060 1114 2096 lilius
1135 2061 1247 2097 unice
1267 2060 1442 2105 dilectus,
1463 2060 1613 2108 suscipe
1633 2071 1720 2098 eum
1740 2062 1783 2099 in

1016 2107 1138 2154 ulnas,
1154 2113 1190 2144 et
1210 2119 1296 2145 cuin
1313 2119 1355 2145 eo
1370 2119 1496 2145 corum
1514 2109 1612 2156 Rege
1627 2114 1661 2146 te
1675 2109 1780 2154 siste,

1014 2160 1049 2192 et
1069 2166 1196 2193 umore
1218 2156 1284 2192 lilii
1311 2156 1548 2193 dilectissimi
1570 2167 1683 2203 quem
1702 2167 1782 2203 ges-

1015 2208 1084 2247 tas,
1106 2203 1254 2240 venium
1281 2204 1502 2250 deprecare3
1524 2214 1602 2240 non
1653 2204 1781 2241 atieris

1016 2252 1217 2296 repulsam.
1270 2252 1463 2297 Aequievit
1507 2251 1570 2287 ille
1658 2252 1782 2298 eginae

1014 2299 1190 2343 consilio,
1211 2302 1247 2335 et
1273 2299 1425 2345 quidem
1458 2298 1676 2335 felicissimo
1697 2300 1782 2336 exi-

1016 2353 1075 2389 lu;
1098 2358 1186 2383 nam
1209 2346 1285 2383 viso
1307 2346 1385 2382 lilio
1412 2357 1497 2382 mox
1529 2347 1562 2382 ei
1596 2349 1674 2383 Rex
1694 2346 1781 2384 cul-

1016 2407 1100 2442 patu
1122 2405 1275 2431 omnem
1298 2393 1451 2430 remisit.
1471 2394 1559 2437 Agat,
1576 2394 1675 2430 idem
1698 2405 1782 2441 pec-

1015 2448 1131 2487 cator,
1164 2453 1252 2479 cuni
1286 2441 1422 2478 lidueia
1442 2452 1461 2477 e
1484 2441 1647 2478 brachiis
1669 2442 1782 2490 Regi-

1016 2503 1075 2528 nae
1094 2489 1400 2527 clementissimae
1432 2499 1518 2525 cuin
1551 2490 1727 2527 Simeone
1746 2494 1782 2526 et

1017 2538 1264 2575 mummium
1298 2537 1405 2583 Regis
1433 2537 1627 2584 suscipiat,
1649 2541 1685 2573 et
1716 2547 1783 2584 per

1016 2586 1123 2622 illurn
1164 2586 1300 2630 Regem
1338 2589 1521 2621 ωιυιῚιυιιι
1560 2585 1783 2631 deprecetur

1017 2645 1082 2681 pro
1121 2633 1295 2676 offensis,
1335 2643 1411 2668 uon
1459 2633 1595 2686 poterit
1633 2631 1783 2679 repelli,

1016 2681 1079 2718 sed
1100 2691 1186 2718 cuni
1208 2690 1298 2728 pace
1319 2683 1353 2716 et
1374 2685 1491 2725 gratia
1510 2678 1731 2717 dimittetur.
