1858 3184
0 542 10 584 'W-
2 531 3 534 ⁴
0 478 5 510 ''-
0 436 6 467 ⁷''
0 412 3 427 ΑΛ
0 310 15 397 *1*ss
0 230 13 300 “b-⁴*
0 0 33 223 &W

51 0 58 5 ι

0 787 12 1162 ἓ

0 1165 11 1371 1

829 139 1019 182 vum.
1656 139 1709 181 33

136 243 216 275 1161·
233 231 275 274 16
293 243 395 273 nom
412 229 453 273 d’
469 245 488 268 α
503 230 675 271 homme
693 229 746 270 (16
765 228 912 269 desii-s.
937 243 957 265 »
977 226 1086 268 C’est
1110 225 1319 280 pom-quoi
1339 225 1447 267 donc
1465 227 1607 280 l’ange
1625 228 1708 268 Ga-

135 296 242 338 briel
261 297 323 337 lui
341 298 537 350 apparat.
558 293 840 335 l‘instruisant
858 293 915 334 du
935 296 1071 346 temps
1089 292 1140 332 de
1170 291 1451 332 l’avenement
1470 292 1527 331 du
1548 291 1707 343 Christ,

137 373 301 403 eomme
320 361 439 402 futur
457 360 648 402 ministre
669 359 720 400 de
747 371 821 399 son
843 358 1022 399 enfance
1043 370 1053 398 :
1078 372 1096 396 α
1117 359 1198 398 Des
1217 357 1255 397 le
1275 362 1638 398 commencement
1657 357 1711 398 (16

138 429 257 468 votre
274 426 425 480 priere,
448 425 510 466 dit
530 425 611 465 l’an
618 435 684 477 ge,
704 423 782 476 sai
799 435 899 475 recu
918 427 983 464 cet
996 422 1120 463 ordre
1140 425 1183 463 et
1197 422 1243 474 je
1256 422 1343 462 suis
1355 434 1465 462 venu
1484 433 1593 474 pour
1607 433 1711 462 vous

139 490 360 532 (1660611111-
379 492 517 530 106166
535 489 695 538 6110666,
716 500 839 541 parce
859 500 942 541 que
959 500 1063 528 vous
1081 488 1168 528 6166
1189 500 1246 527 66
1265 487 1437 527 homme
1455 486 1507 528 de
1527 486 1710 527 desire...

139 557 244 599 Dieu
262 568 288 596 6
306 555 461 608 6111636
492 555 532 595 16
565 557 700 607 temps
720 556 746 594 6
765 553 1123 594 soixante-et-dix
1154 553 1376 601 semaines,
1397 564 1448 592 en
1484 552 1632 592 faveur
1658 552 1711 592 de

139 624 258 664 voire
277 620 430 674 peuple
458 626 499 661 et
530 620 582 660 de
602 623 721 659 votre
754 618 853 659 ville
884 618 1035 668 sainte,
1057 618 1142 658 6116
1175 630 1258 671 (166
1291 618 1351 657 166
1380 618 1712 670 prevarications

139 685 274 728 soient
293 685 466 736 aboites,
481 697 563 738 que
584 684 622 725 le
641 684 772 737 peche
793 687 941 729 trouve
961 696 1005 723 66
1025 684 1096 731 fin,
1115 695 1197 736 que
1215 683 1424 735 l'iniquite
1438 683 1518 723 soit
1537 683 1708 734 6116666,

138 763 221 805 (166
251 750 294 791 16
319 750 471 804 justice
491 750 692 790 eternelle
713 750 879 799 vienne,
913 761 995 802 que
1026 748 1087 788 les
1117 749 1270 789 visions
1302 752 1344 788 et
1373 748 1434 788 les
1470 747 1714 801 prophetias

138 816 274 857 soient
291 815 559 868 accomplies,
581 818 623 856 61
643 827 724 867 (166
746 816 782 854 16
802 814 926 854 86161
957 814 1030 853 (166
1062 814 1193 853 saints
1211 813 1292 853 soit
1322 813 1429 854 oint.
1453 812 1630 865 (Daniel.
1651 824 1709 865 lx,

136 883 190 923 23
209 884 252 922 et
269 880 358 934 24.)
375 895 395 918 »
425 881 571 921 Daniel
590 880 716 932 priait
743 891 844 920 avec
863 879 1099 919 d'ardentes
1126 879 1285 932 prieres
1302 882 1345 919 et
1364 878 1415 918 de
1436 879 1619 919 fervente
1637 878 1713 918 (16-

133 946 230 994 sire,
251 945 354 986 dans
373 946 412 996 16
427 946 573 998 361166,
595 958 693 985 6066
711 945 750 985 16
770 957 840 985 666
858 948 901 985 61
920 944 968 985 .16
994 944 1161 993 cendre,
1185 943 1526 984 non-seulement
1543 955 1652 996 pour
1669 943 1714 984 16

133 1011 375 1052 delivrance
394 1013 436 1051 61
455 1011 495 1050 la
513 1010 711 1064 captivite
731 1010 783 1050 de
802 1010 1035 1062 Babylone,
1058 1010 1163 1050 mais
1191 1021 1343 1050 encore
1370 1021 1478 1062 pour
1496 1009 1632 1049 abolir
1651 1008 1713 1049 166

134 1076 287 1130 11661166
315 1076 372 1117 (16
404 1076 572 1128 peuple,
604 1088 651 1116 ce
683 1075 783 1128 qu'il
818 1075 954 1115 6611611
983 1075 1129 1116 devoir
1160 1087 1203 1115 se
1235 1075 1340 1115 faire
1378 1087 1454 1128 par
1485 1075 1523 1115 16
1554 1074 1711 1115 Christ.

132 1141 373 1193 L'angelui
392 1141 452 1180 dit
472 1153 525 1181 66
546 1142 831 1193 consequence
856 1152 865 1180 ε
889 1142 1018 1181 Parce
1047 1153 1129 1194 que
1161 1153 1264 1180 vous
1282 1141 1370 1180 eles
1391 1153 1446 1180 un
1468 1140 1639 1180 homme
1659 1140 1712 1180 de

133 1206 279 1254 desirs,
301 1218 382 1259 que
402 1219 506 1247 vous
524 1206 667 1246 brulez
689 1206 747 1245 du
778 1206 890 1246 (16611-
909 1206 960 1245 (16
990 1206 1030 1245 16
1053 1205 1186 1258 gleire
1206 1206 1257 1245 de
1278 1206 1399 1253 Dieu,
1421 1206 1478 1245 du
1510 1205 1622 1245 (16611ι
1652 1207 1710 1245 (16

133 1271 244 1312 salut
263 1271 336 1312 des
355 1271 565 1321 hommes,
587 1271 643 1311 (16
663 1270 774 1310 (16611-
794 1271 844 1310 (16
874 1271 915 1310 16
934 1270 1174 1310 delivranec
1194 1271 1249 1310 du
1270 1272 1436 1324 peuple,
1462 1283 1564 1311 vous
1586 1271 1712 1310 meri-

134 1339 202 1377 161
223 1336 468 1376 (1’66166(11·6
487 1332 512 1375 a
532 1348 577 1375 66
596 1336 707 1387 sujet
728 1335 766 1375 16
787 1335 929 1375 decret
947 1340 989 1376 et
1009 1335 1047 1375 le
1067 1339 1202 1376 secret
1221 1336 1272 1375 de
1293 1337 1413 1376 Dieu.
1433 1336 1546 1376 Voici
1569 1348 1654 1388 (166
1674 1336 1713 1375 16

135 1404 274 1454 temps
293 1413 318 1440 6
337 1402 403 1441 616
424 1401 581 1453 abt-ege
611 1403 636 1440 a
667 1401 861 1441 soixante
881 1406 923 1440 61
942 1401 1014 1440 dix
1034 1401 1255 1448 semaines,
1279 1402 1484 1441 semaines
1515 1402 1714 1441 d'annees

137 1466 211 1520 qui
231 1466 324 1506 font
342 1467 422 1507 490
441 1478 532 1506 666.
554 1466 658 1506 Β166
691 1466 831 1505 661611
859 1478 915 1518 pu
946 1466 1109 1506 reculer
1129 1466 1170 1506 16
1189 1466 1302 1515 (1616,
1324 1468 1430 1507 mais
1461 1468 1486 1506 6
1516 1478 1640 1506 66666
1660 1467 1711 1506 (16

135 1542 208 1571 vos
227 1531 390 1583 soupirs
410 1535 451 1570 et
468 1530 540 1570 des
572 1530 736 1583 sonpirs
767 1530 951 1571 d'autres
981 1543 1269 1583 personnages
1290 1532 1391 1584 qu'il
1422 1532 1537 1572 avait
1558 1534 1712 1584 prevus

133 1595 320 1636 (1610616
352 1595 548 1644 eternite,
572 1595 601 1635 11
620 1608 647 1635 a
675 1595 759 1636 fixe
790 1598 898 1635 cette
931 1596 1028 1636 date
1060 1597 1334 1650 rapprochee.
1354 1597 1476 1638 Alors
1507 1597 1547 1637 16
1579 1597 1709 1649 peche

131 1671 225 1701 sera
243 1660 372 1700 efface
393 1672 469 1713 par
488 1660 547 1700 les
575 1660 855 1700 satisfactions
884 1660 1086 1713 parsaites
1106 1662 1160 1701 du
1182 1661 1336 1712 Christ,
1356 1674 1480 1715 parce
1513 1674 1594 1715 que
1627 1662 1709 1702 lui-

132 1725 272 1766 meme
291 1736 384 1765 sera
402 1728 520 1765 votre
544 1725 712 1776 justice,
734 1729 853 1766 votre
883 1726 1149 1779 redemption
1170 1730 1213 1767 61
1232 1731 1350 1768 votre
1383 1728 1705 1774 sanctitication,

134 1790 235 1842 6116
255 1789 374 1831 Saint
391 1790 464 1831 des
484 1790 614 1830 saints
632 1802 727 1831 sera
746 1791 853 1831 0161.

139 2010 198 2044 1·6;
222 2001 322 2037 unde
341 2004 377 2036 61
397 2000 459 2037 Vir
478 2001 751 2038 desideriorum
769 2002 903 2047 appel-

136 2047 247 2085 latur.
283 2047 483 2094 Propterea
514 2059 601 2095 ergo
633 2049 805 2095 apparuit
828 2050 903 2085 Ga-

136 2094 231 2132 briel
274 2095 450 2142 Angelus,
491 2106 578 2132 eum
623 2096 816 2133 instruens
858 2097 903 2133 de

136 2147 304 2190 temporo
336 2143 525 2180 Adventus
544 2143 696 2188 Christi,
726 2149 901 2190 tanquwn

135 2189 308 2227 intantiae
328 2191 410 2236 ejus
430 2191 600 2228 minister
620 2193 781 2228 futurus.
801 2192 904 2229 Unde

135 2237 188 2275 611
218 2248 262 2274 ;«
296 2238 350 2274 Ab
382 2239 537 2275 exordio
569 2250 723 2286 precum
755 2245 904 2276 tuarum

137 2294 309 2333 egressus
328 2290 383 2322 est
402 2296 526 2323 sermo
548 2297 557 2323 ε
579 2297 647 2333 ego
673 2291 798 2324 autem
820 2289 904 2324 veni

138 2338 179 2372 ut
198 2333 406 2370 indicarem
429 2334 510 2377 tibi,
526 2334 614 2380 quia
630 2334 683 2371 vir
702 2335 905 2372 desiderio-

137 2390 222 2418 rum
242 2391 294 2418 es.
313 2381 556 2428 Septuaginta
577 2382 831 2420 hebdomades
843 2383 906 2420 ab·

138 2427 314 2466 breviatae
334 2434 421 2465 sunt
441 2439 554 2476 super
577 2430 759 2476 populum
782 2435 904 2475 tuum,

137 2479 175 2513 61
206 2486 318 2523 super
349 2476 482 2514 urbem
514 2483 684 2514 sanctam
718 2483 837 2522 tuam,
867 2483 906 2515 ut

138 2529 425 2562 consummetur
446 2525 718 2570 praevaricatio,
733 2531 770 2563 61
790 2527 906 2563 linem

138 2571 300 2618 accipiat
331 2577 543 2619 peccatum,
564 2578 602 2609 et
628 2573 796 2610 deleatur
828 2574 906 2611 ini—

141 2619 278 2666 quitas,
299 2623 336 2655 et
355 2619 563 2656 adducatur
590 2620 735 2666 justitia
762 2622 907 2668 sempi-

141 2668 261 2720 terna,
282 2671 318 2703 61
346 2667 546 2714 impleatur
566 2668 666 2705 visio·
679 2673 715 2705 et
740 2669 907 2716 prophe-

144 2715 209 2758 ua,
227 2718 264 2751 61
283 2719 445 2761 ungatur
465 2715 626 2752 Sanctus
644 2717 904 2753 Sanctorum.»

143 2758 280 2797 Orabat
298 2771 436 2809 nempe
467 2762 597 2799 Daniel
623 2764 909 2801 ferventissimis

143 2807 319 2857 precibus
350 2819 395 2846 ac
426 2810 624 2847 desideriis
661 2811 701 2847 in
735 2812 907 2858 jejuniis,

144 2864 255 2909 sacco
268 2859 310 2909 ,61
327 2857 470 2903 cinere,
485 2868 564 2894 non
585 2857 708 2895 sotum
729 2870 796 2906 pro
816 2870 909 2907 cap-

143 2906 298 2939 uvitaus
328 2903 566 2951 Babylonieae
585 2905 822 2952 liberatione,
844 2908 910 2946 sed

942 2006 977 2038 et
1018 2013 1084 2048 pro
1121 2002 1320 2040 abolendis
1358 2005 1488 2050 populi
1532 2007 1710 2051 peccatis,

943 2050 1043 2096 quod
1071 2060 1136 2095 per
1156 2050 1346 2087 Christum
1370 2052 1449 2088 lieri
1470 2053 1607 2088 debere
1634 2063 1715 2098 per-

946 2102 1097 2133 noverat
1114 2108 1121 2133 :
1139 2098 1230 2134 dicit
1249 2110 1336 2145 ergo
1357 2100 1390 2135 ei
1413 2101 1578 2142 Angelus
1595 2111 1602 2137 :
1620 2101 1715 2145 Quia

946 2146 998 2181 vir
1018 2145 1292 2182 desideriorum
1326 2159 1379 2191 66,
1410 2148 1597 2185 desiderio
1630 2148 1714 2194 glo·

946 2193 1009 2229 riae
1033 2193 1111 2238 Del,
1133 2194 1320 2231 desiderio
1341 2195 1472 2232 salutis
1498 2196 1712 2237 hominum.

944 2240 1131 2278 desiderio
1151 2241 1387 2279 liberationis
1412 2244 1542 2290 populi
1564 2254 1713 2280 summe

946 2291 1120 2333 flagrans,
1138 2290 1292 2326 mereris
1305 2292 1436 2327 audire
1460 2291 1523 2327 Dei
1544 2302 1587 2328 ea
1607 2292 1654 2329 de
1674 2302 1715 2328 re

944 2337 1138 2373 decretum
1159 2342 1194 2373 et
1214 2343 1414 2375 secretum.
1440 2340 1534 2376 Ecce
1560 2344 1713 2386 septua—

944 2385 1048 2431 ginta
1075 2384 1330 2422 hebdomades
1358 2387 1584 2424 abbreviatae
1609 2393 1712 2430 sunt,

944 2442 1134 2468 annorum
1163 2434 1308 2470 scilicet
1341 2434 1609 2479 hebdomades,
1629 2445 1714 2482 quae

945 2479 1238 2518 6061161661490
1251 2492 1387 2524 annOS,
1402 2482 1569 2520 delinitae
1590 2488 1714 2520 66616

949 2528 1022 2564 Deo
1044 2531 1112 2565 :et
1143 2539 1231 2565 cum
1265 2530 1447 2576 potuisset
1477 2530 1605 2577 plures
1635 2535 1712 2567 sta-

947 2581 1064 2618 tuere,
1087 2581 1239 2623 propter
1267 2582 1329 2613 tua
1348 2582 1383 2612 et
1403 2577 1566 2616 aliorum
1587 2580 1712 2626 suspi-

948 2623 1001 2659 ria
1021 2624 1193 2670 praevisa,
1217 2624 1289 2660 hoc
1318 2624 1428 2661 breve
1450 2630 1599 2673 tempus
1618 2637 1714 2663 con—

946 2670 1078 2707 stituit.
1101 2671 1145 2708 Et
1166 2676 1256 2708 tunc
1277 2682 1342 2718 per
1361 2673 1551 2711 Christum
1578 2685 1715 2722 pecca-

948 2723 1027 2755 tum
1048 2718 1235 2756 delebitur
1255 2719 1512 2759 satisfactione
1534 2722 1715 2768 perfecta.

948 2766 1035 2813 quia
1054 2766 1136 2812 ipse
1161 2767 1230 2802 erit
1253 2766 1413 2813 justitia,
1435 2770 1659 2816 redemptio,
1680 2774 1716 2806 et

948 2814 1197 2851 sanctificatio
1225 2818 1360 2859 vestra,
1381 2820 1416 2853 61
1444 2821 1607 2864 ungetur
1636 2816 1716 2862 ipse

948 2862 1109 2899 Sanctus
1128 2862 1366 2900 Sanctorum.
