1858 3184
0 0 619 71 fi*
164 14 167 17 ι
245 15 250 17 -
631 0 703 11 ’ν-,Γκ
748 0 780 4 >⁷
799 11 802 14 ,
821 0 826 2 ·
854 0 858 4 ’

0 130 7 137 0

690 230 714 260 o
743 220 887 260 cnivis
917 229 1066 262 omn„
1582 221 1660 261 12⁰

82 310 184 355 dots
201 311 254 353 (18
272 323 342 353 885
360 310 468 352 deux
487 311 637 359 morte,
656 307 913 349 c'est-e-dire
932 307 1037 361 qu’il
1068 319 1094 348 8
1122 319 1196 348 sur
1227 306 1309 348 elle
1339 309 1433 350 tout
1463 309 1659 360 88811811,

82 377 200 419 selon
220 376 325 430 qu’il
344 379 407 417 851
424 374 528 416 ecrit
551 387 561 415 :
587 389 609 412 ο(
629 375 685 415 Le
707 373 919 426 seigneur
937 373 1006 413 818
1025 376 1068 414 81
1086 372 1227 413 (18888
1260 372 1301 412 la
1332 372 1414 422 vie,
1436 371 1466 412 il
1484 373 1663 416 conduit

80 452 168 483 anx
184 442 324 482 enfers
343 440 434 482 8111
453 451 507 479 88
527 439 671 479 retii-e.
695 437 768 491 (μ’
787 439 860 479 liv.
881 437 947 479 des
969 437 1077 488 Rois,
1099 449 1145 487 11,
1167 437 1229 491 6.)
1250 453 1268 474 »
1294 437 1325 477 11
1347 450 1367 475 a
1390 437 1449 477 les
1475 437 1578 479 clefs
1608 437 1664 480 do

81 506 125 548 18
142 511 254 547 mort
272 511 315 547 81
333 505 384 546 (18
404 504 572 551 l'enfer,
594 515 718 557 parce
738 503 844 556 qu'il
863 516 888 544 a
906 503 945 544 le
965 504 1142 556 pouvoir
1167 503 1219 543 de
1246 506 1338 542 tuer
1369 507 1411 542 et
1442 502 1494 543 de
1526 514 1663 544 vener

83 582 138 612 au
157 571 389 612 chaumont
407 569 569 610 eternel
589 581 693 610 ceux
715 569 789 622 qui
808 573 904 609 sont
923 571 1069 609 moris.
1091 567 1282 618 Ensuite‚
1303 580 1356 608 au
1382 567 1473 609 dire
1504 567 1557 608 de
1589 567 1667 608 Ri-

84 635 215 677 chard
245 635 297 676 (18
328 634 630 683 saint-Victor,
653 634 683 675 il
701 647 727 675 8
746 634 807 675 185
825 633 926 675 clefs
943 634 996 675 de
1016 633 1060 674 18
1078 638 1191 674 mort
1209 636 1252 674 et
1271 633 1323 674 de
1348 633 1511 683 l'enfer,
1534 628 1666 687 'parce

21 755 27 760 .
85 713 182 754 que,
204 713 304 742 avec
323 712 370 740 58
386 700 623 753 1181588888,
644 700 675 740 11
695 700 866 740 ouvrira
884 702 910 740 8
928 700 970 740 18
988 700 1047 740 fin
1069 700 1130 740 les
1148 702 1290 752 portes
1303 698 1354 739 de
1369 698 1410 738 18
1425 702 1536 739 mort
1555 698 1667 739 etde

83 765 247 815 l'enfer,
262 768 305 806 et
322 778 351 818 y
369 765 610 806 enfermera
630 765 670 805 le
689 765 843 806 demon
864 768 983 806 81585
996 765 1168 818 8888815
1179 777 1288 818 pour
1301 777 1328 816 y
1343 765 1431 805 etre
1447 767 1668 804 tout-men·-

83 833 148 873 tes
166 842 262 872 8885
279 830 355 871 118.
377 831 490 871 Ν888
510 842 699 883 pouvons
713 830 919 870 entendre
933 834 1040 870 88118
1055 829 1281 870 differ-enee
1294 833 1413 869 entre
1434 830 1474 869 la
1490 833 1603 870 mort.
1621 833 1668 871 et

84 896 314 945 l'enfer‚en
328 907 374 936 88
388 907 480 935 5885
499 907 581 948 (188
602 908 677 947 par
694 898 807 935 mort
821 895 851 935 il
865 895 957 936 faut.
970 894 1175 935 enteudre
1195 895 1234 935 18
1254 897 1471 934 tourment
1485 894 1669 946 prepare

86 974 171 1004 aux
186 962 415 1014 reprouves
434 963 476 1001 81
495 973 571 1013 par
592 960 711 1001 enfer
731 960 771 1001 le
791 960 877 1000 lieu
897 960 1059 1001 (1851188
1080 962 1105 1000 a
1125 959 1171 1000 ce
1191 963 1423 1000 tourment.
1459 959 1599 1008 Enfiu,
1632 957 1665 998 11

86 1027 193 1068 ales
217 1026 318 1067 clefs
339 1026 390 1066 de
411 1026 452 1066 la
471 1029 582 1066 mort
615 1028 658 1065 81
685 1025 737 1066 (18
767 1025 933 1075 l'enfer‚
968 1026 1225 1078 parcequ’it
1254 1038 1280 1065 8
1309 1025 1488 1078 pouvoir
1517 1036 1590 1063 sur
1622 1022 1665 1063 18

85 1096 198 1134 mort
218 1092 290 1146 (181
310 1103 364 1132 88
381 1094 460 1144 881
479 1092 518 1131 18
538 1091 709 1141 retenir,
735 1095 777 1131 81
795 1103 868 1131 581·
887 1092 1049 1138 l'enfer,
1067 1103 1191 1144 parce
1207 1091 1310 1140 qu'il
1325 1103 1377 1131 en
1395 1090 1476 1129 tira
1497 1090 1554 1129 les
1573 1100 1668 1141 cap-

85 1158 159 1199 tiss
176 1169 230 1199 en
252 1156 488 1197 detruisant
507 1168 571 1197 ses
590 1159 729 1209 portes
748 1160 791 1196 81
810 1168 875 1197 588
895 1156 1268 1196 retranchemeuts.
1290 1155 1323 1196 ll
1342 1168 1367 1195 8
1387 1155 1565 1208 pouvoir
1595 1166 1668 1194 sur

86 1225 209 1263 notre
239 1226 352 1262 mort
383 1225 425 1263 et
455 1234 528 1262 sur
560 1227 680 1262 notre
714 1222 1009 1262 resurrection.
1031 1223 1091 1261 De
1111 1221 1220 1274 plus,
1242 1233 1318 1272 par
1337 1233 1404 1260 ces
1431 1220 1531 1260 clefs
1564 1231 1669 1258 vous

86 1299 248 1342 pouvez
266 1287 470 1327 entendre
489 1299 591 1327 avec
610 1286 748 1327 l'ahbe
779 1286 970 1327 Joachim
999 1286 1060 1326 les
1093 1287 1224 1326 droits
1244 1298 1325 1338 (188
1356 1286 1560 1337 1’8811(188
1590 1297 1667 1324 88-

0 1351 2 1361 “
25 1359 29 1362 ’
88 1352 204 1394 nemi
222 1364 248 1393 8
267 1363 341 1393 888
368 1364 438 1392 sur
458 1352 497 1392 18
519 1364 650 1403 genre
670 1352 863 1399 humain,
896 1351 968 1392 des
1000 1351 1038 1391 le
1070 1352 1276 1404 priucipe‚·
1294 1364 1370 1404 par
1390 1351 1430 1390 18
1449 1350 1670 1390 seduction

10 2911 45 2950 'a

12 2951 50 3043 ψιξ

39 3145 53 3177 5

90 1417 282 1467 (1Ἀᾶ881,
306 1417 490 1457 1·8ι1(1881
510 1416 708 1456 l’ltomme
728 1417 837 1468 quet
856 1418 882 1456 8
901 1416 942 1456 18
961 1419 1074 1456 mort
1093 1420 1134 1456 81
1153 1429 1239 1455 aux
1259 1416 1464 1469 supplices
1485 1416 1535 1455 de
1563 1415 1670 1454 l’en-

90 1482 167 1532 fer,
191 1482 302 1522 droit
321 1494 401 1534 que
420 1481 696 1522 semis-Christ
713 1481 773 1520 lui
793 1481 969 1520 arracha
989 1493 1064 1532 par
1083 1493 1127 1519 sa
1147 1480 1332 1532 passion.

143 1550 187 1588 4⁰
207 1549 263 1588 Le
284 1547 381 1586 titre
401 1547 453 1586 de
478 1562 496 1584 (ι
516 1546 600 1586 cles
615 1546 666 1585 (18
685 1546 727 1585 18
752 1546 912 1585 5818888
934 1560 952 1582 n
978 1546 1038 1584 lui
1069 1546 1267 1585 convient
1299 1546 1595 1597 specialeuieut
1628 1549 1672 1585 et

91 1612 412 1662 eminemment,
434 1623 557 1664 parce
578 1622 676 1663 que,
698 1612 817 1651 81881
836 1611 878 1650 18
898 1623 1065 1662 8838558
1085 1611 1287 1651 eternelle
1315 1612 1419 1650 (1885
1439 1611 1476 1650 18
1499 1611 1587 1650 5818
1620 1611 1673 1651 (18

91 1690 165 1719 888
187 1678 307 1726 Pera,
328 1676 359 1716 11
378 1689 404 1716 a
421 1689 477 1729 pu
499 1680 540 1716 et
560 1676 589 1715 il
610 1678 727 1728 peut,
749 1676 893 1729 quand
926 1676 955 1716 il
982 1679 1081 1716 veut
1112 1680 1154 1716 81
1186 1688 1350 1716 comme
1383 1676 1411 1716 il
1443 1680 1556 1722 veut,
1595 1688 1672 1728 par

90 1742 328 1789 lui-meme,
351 1753 405 1781 ou
426 1754 501 1794 par
521 1753 583 1781 585
603 1741 847 1793 Prophetes,
881 1753 944 1782 585
972 1743 1151 1794 Apotres
1171 1746 1214 1782 81
1233 1755 1297 1780 585
1326 1743 1528 1782 Docteurs
1549 1744 1574 1780 8
1602 1753 1674 1781 ν8-

92 1808 161 1849 nir
178 1807 283 1848 (1885
302 1807 470 1858 l'Eglise
486 1806 659 1859 jusqu'a
678 1807 718 1846 18
739 1808 1073 1846 88888818181188
1096 1808 1169 1846 (185
1186 1807 1340 1856 Saiuts,
1357 1819 1464 1858 pour
1479 1806 1676 1846 redifica-

92 1873 183 1914 1188
201 1872 254 1912 (18
273 1884 349 1912 588
369 1884 488 1924 corps
508 1871 736 1924 mystique‚
758 1872 918 1911 reveler
951 1871 1011 1912 les
1044 1874 1249 1924 mysteres
1280 1872 1427 1911 8881185
1447 1873 1595 1929 depuis
1616 1871 1677 1911 185

95 1938 253 1985 5188185,
276 1936 336 1977 188
354 1936 536 1977 (18588185
555 1936 607 1976 (18
626 1936 856 1976 1’818ι·8118.

100 2014 1680 2044 ——-.—...-4.——————.

99 2085 275 2128 vivificat,
295 2085 448 2121 deducit
467 2085 513 2121 ad
536 2084 678 2121 interos
700 2089 735 2120 81
754 2085 868 2121 redu-

909 2090 1080 2122 testatem
1119 2090 1256 2122 nostr-”e
1302 2086 1434 2122 mortis
1473 2090 1507 2121 81
1541 2090 1680 2122 nostrae

99 2135 162 2172 eit.
188 2148 203 2166 ιι
229 2132 345 2169 {labet
374 2142 462 2177 ergo
501 2132 626 2169 claves
663 2133 796 2169 mortis
833 2138 868 2169 et

910 2134 1209 2170 resurrectionis.
1228 2135 1349 2170 Immo
1366 2144 1430 2179 88(-
1451 2134 1575 2168 claves
1589 2133 1680 2168 istas

21 3035 57 3057 u>

32 3060 53 3112 ,ἱ

39 3121 52 3138 ἑ

2 2226 5 2234 x
27 2182 29 2187 “
98 2181 240 2219 inferni
260 2181 346 2227 quia
370 2179 481 2216 habet
510 2184 732 2226 potestatem
765 2180 868 2216 occi-

98 2229 227 2273 dendi‚
239 2233 275 2264 81
295 2228 440 2264 8881585
456 2228 608 2264 aeternis
624 2228 746 2274 poenis
767 2238 856 2264 man

99 2276 268 2324 cipandi‚
293 2276 434 2312 Deinde
456 2275 565 2311 habet
596 2276 719 2312 claves
741 2277 872 2312 mortis

36 2344 37 2347 =
100 2329 137 2362 ot
155 2324 297 2361 inferni
317 2323 537 2369 (interprete
559 2323 746 2359 Richardo
766 2324 812 2360 (18
833 2324 869 2359 S.

35 2374 37 2377 ⁴
101 2371 280 2416 Victore)
308 2371 395 2416 quia
429 2380 495 2417 per
526 2375 746 2417 potestatem
766 2382 872 2408 suam

99 2423 227 2467 portas
246 2419 380 2456 mortis
400 2422 436 2453 et
457 2418 597 2454 inserui
619 2419 659 2454 in
680 2418 756 2455 linc
782 2430 872 2466 ape-

102 2467 187 2511 riet,
217 2466 347 2512 ibique
383 2465 577 2502 diabolum
609 2470 645 2502 81
673 2471 876 2503 sectatores

104 2514 185 2562 ejus
211 2514 295 2551 5188
327 2514 403 2549 1188
434 2514 660 2550 cruciandos
690 2514 873 2551 includet.

105 2561 233 2599 Talem
253 2571 342 2598 eruo
367 2560 620 2598 differentiam
654 2562 751 2598 inter
771 2572 875 2598 mor-

104 2611 182 2646 tem
200 2613 237 2646 81
249 2589 443 2646 infernum
466 2619 668 2655 possumus
682 2610 876 2657 accipere;

106 2660 148 2693 ut.
165 2665 233 2703 per
250 2661 412 2701 mortem
433 2657 694 2703 intelligamus
715 2662 879 2694 tormen-

105 2709 188 2741 tum
208 2703 378 2750 reprobis
396 2709 663 2751 praeparatum,
678 2716 745 2751 per
764 2705 879 2741 iufer-

107 2761 203 2788 num
222 2755 349 2787 autem
373 2751 499 2790 locum
541 2757 728 2788 tormento
760 2753 879 2789 desti-

107 2803 255 2836 natum.
278 2798 449 2845 Denique
469 2799 582 2836 habet
601 2799 727 2836 claves
747 2801 881 2837 mortis

109 2851 150 2884 81
182 2843 338 2890 inferni,
377 2846 466 2892 quia.
506 2851 728 2894 potestatem
770 2847 882 2884 habet

110 2903 224 2940 supra
258 2897 433 2947 mortem..
472 2903 557 2940 quae
594 2904 682 2931 eum
712 2896 882 2932 detincre

111 2951 191 2979 non
211 2944 348 2988 potuit,
377 2944 414 2976 et
433 2950 546 2987 snpra
569 2942 778 2987 infernum,
794 2944 883 2989 quia

110 2988 313 3027 destructis
333 2987 507 3024 claustris
520 2987 604 3036 ejus
621 2994 657 3026 et
677 2991 882 3037 repagulis,

111 3035 278 3083 captivos
311 3034 399 3072 inde
430 3035 559 3082 traxit,
593 3035 781 3084 naborque
813 3048 882 3085 po-

306 3130 322 3160 1

911 2187 1010 2218 recte
1038 2181 1227 2227 intelliges
1255 2192 1342 2217 cum
1375 2180 1573 2216 Joachimo
1607 2179 1683 2216 Ab·

913 2229 995 2265 bate
1013 2229 1097 2275 jura
1117 2229 1262 2275 antiqui
1285 2229 1417 2268 hostis.
1447 2238 1530 2274 quae
1553 2227 1683 2264 habuit

913 2278 951 2313 in
992 2287 1110 2318 genus
1157 2277 1364 2313 humanum
1401 2277 1480 2322 jam
1515 2276 1603 2312 inde
1635 2274 1683 2311 ab

914 2325 1022 2361 initio
1042 2335 1109 2371 per
1128 2325 1387 2361 seductionem
1404 2324 1505 2366 Allan,
1519 2323 1682 2359 reddens

915 2373 1109 2409 hominem
1125 2373 1236 2409 morti
1254 2371 1477 2416 obnoxium,
1494 2376 1528 2406 et
1546 2370 1687 2407 inl'erni

913 2420 1112 2467 suppliciis
1134 2431 1143 2456 ε
1178 2430 1261 2467 quae
1296 2420 1382 2466 jura
1420 2420 1590 2455 Christus
1627 2418 1687 2455 itti

914 2479 981 2515 per
1001 2468 1217 2514 passionem
1238 2468 1389 2514 eripuit.

967 2517 1122 2560 Quarto,
1137 2516 1317 2562 competit
1338 2516 1393 2551 illi
1415 2513 1688 2561 specialissime

915 2568 951 2600 et
971 2564 1275 2601 eminentissime
1313 2563 1435 2599 Clavis
1473 2561 1642 2598 scientiae
1675 2570 1686 2598 :

917 2612 1004 2658 quia
1025 2622 1114 2648 cum
1134 2612 1180 2648 sit
1202 2611 1392 2657 Sapientia
1412 2615 1555 2645 aeterna
1580 2610 1619 2646 iu
1640 2609 1690 2645 si-

918 2670 970 2696 nu
991 2659 1124 2703 Putris,
1136 2659 1316 2704 mysteria
1329 2669 1349 2693 a
1364 2657 1515 2693 saecutis
1527 2656 1689 2693 abscon-

917 2707 1010 2747 dita,
1042 2707 1264 2743 aeternitatis
1295 2705 1471 2749 consilia,
1500 2705 1623 2752 potuit
1651 2708 1689 2740 et

918 2759 1053 2802 potest,
1069 2755 1222 2801 quando
1237 2754 1329 2796 vult,
1340 2758 1376 2789 et
1391 2753 1580 2799 quomodo
1594 2752 1688 2797 vult,

918 2803 1080 2849 aperire.
1095 2803 1173 2838 sive
1192 2812 1259 2847 per
1279 2811 1333 2842 58,
1355 2800 1432 2837 sive
1446 2811 1513 2847 per
1528 2799 1692 2846 Prophe-

921 2855 989 2893 tas,
1023 2860 1090 2896 per
1123 2849 1334 2895 Apostolos,
1354 2858 1420 2894 per
1453 2849 1629 2885 Doctores
1649 2846 1692 2883 in

923 2897 1091 2934 Ecclesia
1113 2897 1259 2932 futuros
1286 2906 1405 2942 usque
1425 2895 1473 2932 ad
1506 2904 1693 2931 consum-

922 2945 1130 2981 mationem
1150 2943 1389 2986 Sanctorum,
1404 2941 1455 2980 'ad
1475 2942 1693 2979 aedificatio-

922 3002 1012 3030 nem
1031 2990 1202 3037 corporis
1221 2990 1279 3026 sui
1299 2991 1463 3036 mystici.

970 3039 1016 3075 Et
1036 3038 1136 3076 hanc
1159 3037 1305 3076 clavem
1337 3048 1516 3076 vocariius
1547 3037 1695 3075 clavem

1482 3122 1508 3163 9
