1858 3184
208 149 288 190 396
589 136 591 139 ’
628 159 676 187 LE·
706 158 910 189 RATIONAL
938 159 1012 189 nus
1041 149 1360 189 Pnench‘rnuus.

260 239 303 279 3⁰
327 229 642 289 L’Evangeliste
660 237 835 290 indique
855 237 1148 290 specialement
1165 236 1206 278 18
1224 241 1360 290 temps
1378 235 1429 277 de
1449 235 1492 276 la
1509 235 1773 289 predication

207 301 260 343 de
276 302 399 353 Jean,
420 314 526 354 pour
547 302 735 342 insinuer
756 315 837 355 que
855 304 877 344 J
883 303 1163 356 ean-Baptiste
1184 305 1226 343 et
1244 303 1282 343 le
1302 302 1439 343 Christ
1458 313 1512 342 ne
1532 313 1575 342 se
1593 306 1688 342 sont
1700 314 1775 355 pas

205 370 392 408 montres
410 379 464 407 en
483 367 624 420 public
642 380 749 420 pour
769 369 1007 420 enseigner,
1031 372 1158 409 avant
1175 381 1233 409 un
1256 369 1336 420 age
1365 366 1632 418 eonvenahle,
1656 367 1774 420 puis-

206 431 329 484 qu’ils
347 432 517 472 avaient
537 432 631 483 dejzi
651 433 803 472 atteint
822 433 916 474 leur
936 433 1158 474 trentieme
1189 437 1339 473 annee.
1361 433 1414 473 Ils
1445 436 1541 472 sont
1572 434 1647 472 nes
1678 444 1774 473 sous

206 497 412 548 Auguste,
434 497 518 536 l’an
551 499 602 536 42
636 498 687 537 de
715 510 790 538 son
822 500 969 550 regne.
1003 499 1074 549 Or,
1112 500 1300 550 Auguste
1331 510 1356 538 8
1380 500 1511 549 regne
1538 499 1588 538 57
1621 509 1711 547 ans,
1733 499 1776 538 et

206 561 314 602 ainsi
330 561 380 602 ils
398 564 600 602 vec-,urent
620 563 771 614 quinze
791 576 867 603 ans
886 576 985 604 sous
1005 564 1066 603 lui
1086 567 1128 604 et
1148 564 1296 616 quinze
1316 575 1392 603 ans
1412 575 1508 603 sous
1527 562 1678 603 Tibere
1696 574 1774 603 son

204 639 457 667 successeur.
479 628 532 667 Ils
552 629 891 668 commencerent
912 629 1005 669 leur
1024 629 1283 681 predication
1302 628 1344 668 la
1372 627 1608 680 quinzieme
1640 630 1774 669 annee

205 691 262 732 du
281 694 411 743 regne
433 693 483 732 de
504 691 667 743 Tibere,
690 692 731 732 la
752 694 975 734 trentieme
1007 694 1059 734 de
1091 694 1182 734 leur
1212 695 1309 746 age.
1342 693 1452 734 C'est
1470 693 1509 734 le
1534 694 1673 734 meme
1691 693 1774 745 age

206 756 392 810 qu’avait
410 749 618 806 Ezechiel,
640 758 782 809 quand
802 758 832 798 il
852 759 917 798 fut
937 759 1117 798 favorise
1137 758 1188 799 de
1206 771 1270 799 ses
1289 758 1542 798 admirables
1561 757 1717 798 visions
1731 759 1774 798 et

205 822 307 874 qu’il
327 834 566 873 eommenea
592 825 616 861 a
647 823 924 875 prophetiser.
958 824 1107 871 Quand
1137 824 1291 876 Joseph
1323 837 1366 864 se
1398 826 1593 876 presente
1621 823 1774 863 devant

203 887 415 938 Phanion,
438 888 468 927 il
489 888 601 927 avait
620 889 822 940 aecompli
854 901 898 928 sa
928 889 1154 930 trentieme
1184 891 1334 930 annee.
1355 891 1430 930 Cet
1461 890 1541 941 ege
1573 893 1634 928 est
1665 888 1774 928 donc

204 964 357 1005 propre
378 954 404 992 8
422 950 506 992 une
527 953 715 993 fonction
744 953 946 1006 publique
972 958 1013 994 et
1043 957 1209 996 surtout
1229 956 1253 994 a
1272 954 1314 994 18
1333 954 1491 1006 charge
1509 954 1561 994 de
1580 953 1772 1006 predica-

203 1018 301 1056 teur
319 1017 370 1056 de
390 1016 431 1057 18
446 1018 588 1070 parole
603 1018 654 1058 de
668 1018 787 1058 Dieu.
803 1019 824 1059 J
830 1031 907 1058 ean
922 1022 964 1059 et
976 1019 998 1059 J
1002 1021 1096 1058 esus
1109 1019 1414 1059 n’auraient-ils
1433 1031 1507 1071 pas
1526 1031 1583 1071 pu
1603 1029 1773 1059 exereer

202 1081 527 1134 publiquement
546 1082 587 1122 la
606 1083 762 1135 charge
783 1083 834 1123 de
854 1084 1025 1123 doeteur
1044 1087 1087 1123 et
1107 1084 1157 1124 de
1176 1083 1452 1136 predicateur‚
1467 1083 1539 1122 des
1553 1082 1644 1123 leur
1657 1083 1774 1136 ving-

203 1145 332 1186 tieme
352 1147 514 1186 annee?
535 1147 630 1194 Oui,
653 1147 703 1187 ils
723 1148 761 1188 le
782 1148 1026 1200 pouvaient,
1048 1148 1220 1201 remplis
1238 1161 1400 1188 comme
1425 1148 1476 1188 ils
1505 1147 1690 1188 l'etaient
1721 1147 1787 1188 de

202 1210 245 1251 18
266 1212 391 1264 grece
410 1212 550 1252 divine
570 1214 612 1252 et
631 1212 682 1252 de
714 1212 755 1252 la
784 1216 906 1253 vertu
925 1213 977 1254 de
998 1213 1117 1253 Dieu.
1140 1214 1193 1253 lls
1212 1226 1265 1254 ne
1300 1214 1527 1253 voulurent
1556 1225 1645 1265 paS,
1665 1224 1773 1265 pour

202 1280 394 1317 montrer
426 1277 528 1330 qu’il
560 1289 613 1318 ne
645 1278 738 1317 faut
766 1290 841 1331 pas
874 1278 1156 1319 ambitionner
1187 1279 1228 1319 18
1257 1279 1410 1331 charge
1431 1279 1482 1319 de
1507 1278 1773 1331 predicateur

204 1342 501 1395 evangelique,
525 1345 567 1383 et
586 1342 688 1394 qu'il
709 1355 761 1382 ne
784 1343 871 1383 faut
891 1356 965 1396 pas
985 1343 1229 1384 facilement
1247 1344 1289 1384 18
1308 1343 1481 1392 confier,
1503 1345 1630 1383 avant
1660 1343 1773 1396 Pege

203 1407 316 1445 mur.
349 1407 469 1458 Mais,
491 1420 549 1447 un
583 1408 717 1459 grand
750 1409 926 1449 nombre
956 1409 999 1448 la
1031 1409 1259 1449 cherchent
1291 1410 1668 1462 prematurement.
1702 1409 1771 1450 Un

204 1471 342 1522 grand
360 1472 533 1512 nombre
553 1471 794 1512 l'assument
825 1477 1199 1525 prematurement‚
1215 1486 1267 1514 au
1307 1474 1442 1526 grand
1474 1474 1700 1525 dommage
1719 1472 1772 1514 de

202 1534 243 1575 18
261 1536 405 1588 parole
425 1537 476 1576 de
509 1537 613 1577 Dieu
646 1540 687 1577 et
719 1538 770 1577 de
799 1550 862 1577 ses
899 1539 1036 1578 fruits.
1060 1543 1092 1578 A
1114 1540 1286 1579 ceux-la
1306 1551 1412 1578 nous
1431 1549 1619 1591 pouvons
1645 1538 1735 1578 dire
1755 1550 1766 1577 :

206 1613 226 1638 «
247 1601 307 1641 Ne
327 1613 429 1641 vous
450 1602 563 1642 levez
584 1602 701 1654 point
720 1605 849 1642 avant
867 1603 906 1642 le
922 1604 1036 1655 Jour,
1052 1603 1288 1643 levez-vous
1302 1605 1422 1656 apres
1441 1615 1522 1656 que
1542 1615 1644 1643 vous
1665 1614 1769 1643 vous

200 1677 315 1707 serez
335 1667 452 1707 assis.
474 1680 493 1705 υ
519 1668 550 1708 11
574 1667 663 1707 taut
683 1667 871 1707 s'asseoir
889 1668 1077 1718 d’ahord,
1101 1671 1142 1708 et
1161 1680 1379 1709 converser
1411 1680 1463 1708 88
1497 1668 1650 1709 silence
1668 1679 1769 1708 avec

189 1726 262 1771 'les
279 1732 407 1771 saints
427 1723 560 1783 lifvres,
588 1736 714 1773 avant
734 1734 785 1773 de
805 1733 977 1773 devenir
998 1749 1015 1770 α
1040 1746 1097 1773 88
1120 1734 1286 1774 ouvrier
1305 1746 1401 1773 sans
1426 1733 1662 1784 confusion,
1685 1733 1760 1786 qui

201 1796 282 1836 sait
317 1797 413 1836 bien
457 1797 673 1850 dispenser
703 1799 744 1838 la
770 1799 913 1851 parole
944 1798 994 1838 de
1015 1798 1160 1847 verite,
1183 1798 1235 1851 (11
1259 1799 1363 1838 Tim.
1387 1809 1435 1849 11,
1458 1798 1539 1851 15.)
1565 1815 1583 1835 1)
1606 1809 1768 1839 comme

198 1862 316 1914 parle
338 1862 538 1914 t’ApOtre.
555 1864 667 1903 Pour
685 1863 786 1913 cela,
811 1863 841 1902 il
862 1864 952 1903 faut
972 1863 1143 1916 l’esprit.
1168 1864 1197 1902 il
1219 1864 1311 1903 faut
1331 1863 1371 1903 la
1403 1863 1595 1903 lumiere.
1618 1864 1680 1904 On
1712 1874 1768 1903 en

203 2058 332 2104 primit
364 2062 511 2105 tempus
544 2060 824 2106 praedicationis
854 2061 964 2097 1088-

202 2105 277 2150 nis,
308 2111 346 2142 ut
386 2107 553 2143 insinuet
593 2118 669 2144 808
707 2112 795 2144 11818
824 2108 964 2155 justam

1004 2070 1222 2107 praeeonum
1243 2061 1346 2097 verbi
1375 2061 1452 2098 Dei.
1476 2061 1530 2097 An
1551 2071 1630 2098 non
1655 2063 1765 2107 pote-

1004 2112 1058 2144 rat
1093 2108 1272 2154 loannes,
1311 2119 1362 2144 un
1400 2119 1478 2145 808
1523 2113 1559 2145 81
1596 2107 1766 2145 Christus

201 2157 364 2196 aetatcm,
404 2154 589 2191 loannem
630 2161 663 2191 et
704 2155 893 2191 Christum
925 2155 969 2192 in·

200 2200 397 2248 pubiicum
436 2203 618 2255 prodiisse
656 2203 702 2239 ad
734 2203 963 2247 docendum,

200 2247 381 2295 quiajam
404 2249 638 2291 trigesimum
668 2261 814 2287 81188111
846 2251 965 2287 aetutis

199 2295 412 2342 attigerant.
438 2295 520 2333 Nuti
542 2298 643 2334 enim
666 2303 754 2334 sunt
786 2298 855 2334 sub
889 2299 963 2335 Au-

226 2347 309 2380 usto
330 2345 488 2386 cursare,
522 2355 624 2381 111180
646 2344 792 2391 imperii
808 2346 888 2391 ejus
903 2346 961 2382 «¹02.

223 2390 404 2437 mperavit
442 2395 565 2428 nutem
598 2392 711 2428 annis
748 2394 807 2429 57.
830 2393 964 2429 simne

202 2436 272 2475 sub
294 2439 456 2485 Augusto
478 2439 629 2476 suerunt
657 2440 768 2476 annis
801 2441 891 2487 quin
921 2451 963 2476 8-

201 2486 292 2529 8118,
307 2490 341 2522 81
363 2485 431 2522 sub
452 2486 600 2523 Tiberio
622 2497 839 2524 successore
852 2489 963 2524 annis

201 2533 313 2571 8118111
362 2533 595 2580 quindecim,
636 2545 720 2571 mox
753 2545 798 2571 ue
841 2546 963 2572 annos

201 2581 283 2628 ejus
325 2581 608 2628 88011111111811110
654 2593 729 2630 prm
759 2582 960 2619 1881108818

201 2627 444 2671 inchoarunt,
483 2629 602 2666 18111115
640 2639 716 2666 sun,-
755 2629 959 2674 trigesimo.

202 2675 380 2712 namnum
420 2681 567 2713 miamin
599 2677 765 2722 attigisse
792 2677 959 2714 Ezechiel

197 2722 349 2767 dicitur,
370 2724 460 2761 dum
483 2723 674 2761 mirabiles
695 2725 779 2761 inus
800 2725 961 2762 visiones

198 2772 358 2817 excepit,
381 2776 412 2806 et
447 2772 642 2809 vaticinari
675 2772 801 2819 eoepit.
823 2772 959 2819 loseph

199 2828 348 2864 quoque
364 2819 454 2855 dum
476 2819 575 2855 stetit
595 2830 721 2857 coram
752 2819 959 2864 Pharaone,

199 2866 449 2912 compleverat
478 2877 621 2904 annum
660 2867 779 2904 intutis
813 2867 960 2915 trigesi-

202 2922 319 2950 mum.
345 2914 430 2950 tinec
449 2925 537 2958 ergo
557 2918 646 2951 muns
667 2920 722 2951 est
742 2915 877 2951 idonea
897 2924 962 2961 pu-

202 2957 300 2995 blico
341 2962 503 3004 11188811,
534 2968 569 2997 et
608 2962 772 2999 maxime
811 2962 960 2999 muneri

1002 2166 1103 2192 anno
1124 2155 1303 2201 vigesimo
1324 2155 1475 2202 publice
1501 2166 1641 2192 munus
1671 2156 1766 2193 doc-

1004 2203 1092 2240 toris
1113 2206 1149 2239 et
1175 2203 1428 2249 praedicatoris
1459 2205 1664 2240 exercere?
1686 2203 1765 2240 Uti-

1003 2252 1238 2297 que'poterut
1270 2254 1438 2296 uterque,
1471 2250 1599 2286 divina
1657 2250 1766 2287 18885

1002 2298 1134 2343 gratia,
1155 2298 1284 2334 divino
1306 2297 1440 2344 plenus
1466 2297 1613 2343 spiritu.
1671 2297 1766 2334 oluit

1004 2355 1089 2382 vero
1128 2349 1167 2382 81
1205 2344 1421 2391 exemplum
1457 2344 1653 2391 praebcret,
1686 2355 1765 2381 non

1002 2392 1246 2429 ambiendum
1269 2403 1350 2429 esse
1371 2402 1509 2428 munus
1531 2392 1764 2439 praedieatio-

1005 2441 1064 2477 nis
1085 2440 1320 2484 manastica,
1336 2449 1406 2476 888
1428 2439 1515 2476 uitis
1537 2439 1644 2476 tuelle
1664 2450 1766 2477 com-

1003 2487 1244 2530 mittendum,
1284 2487 1356 2523 nisi
1393 2487 1469 2532 jum
1515 2487 1554 2523 18
1602 2487 1766 2533 perfecta

1002 2539 1123 2572 181818.
1146 2535 1189 2571 At
1214 2544 1290 2572 non
1322 2534 1430 2581 penei
1464 2534 1556 2571 illud
1591 2539 1766 2581 quaerunt

1003 2583 1213 2619 immature.
1235 2586 1271 2619 et
1295 2592 1372 2619 non
1406 2582 1536 2628 paucis
1565 2582 1765 2619 immature

1001 2629 1248 2667 committitur
1286 2629 1325 2665 in
1370 2629 1634 2683 praejudicium
1662 2629 1765 2667 verbi

1003 2677 1082 2722 Dei,
1103 2681 1139 2714 et
1169 2677 1312 2714 fructus
1344 2687 1439 2722 ejus.
1468 2678 1531 2713 1115
1563 2686 1763 2724 possumus

1000 2724 1191 2761 insinuare
1212 2724 1329 2760 ittud:
1351 2739 1364 2757 α
1391 2724 1513 2762 Nolite
1532 2729 1619 2761 ante
1640 2724 1763 2762 1888111

1000 2782 1165 2818 surgere,
1178 2771 1316 2817 surgite
1329 2776 1524 2819 postquem
1539 2772 1723 2809 sederitis.
1744 2785 1758 2803 n

998 2818 1132 2856 Sedere
1152 2818 1254 2865 prius
1279 2824 1438 2865 oportet,
1460 2819 1495 2857 et
1526 2830 1612 2857 eum
1644 2819 1764 2856 sacris
1814 2842 1820 2850 ι

1001 2865 1104 2903 libris
1137 2865 1174 2902 18
1211 2866 1363 2903 51188110
1395 2867 1624 2911 conversuri,
1649 2870 1759 2903 ante-

998 2922 1109 2960 quam
1130 2913 1214 2960 quis
1235 2914 1298 2950 tint
1321 2929 1334 2946 α
1359 2915 1562 2960 operarius
1589 2913 1763 2952 inconsu-

998 2959 1134 3007 sibilis,
1158 2965 1256 2998 recte
1271 2965 1435 2999 tractans
1457 2962 1612 3000 verbum
1627 2961 1765 2999 verita·-
