1858 3184
502 166 554 198 LA
581 164 860 198 OERGOHCISION
890 166 942 195 ΒΕ
971 164 1343 197 noran-smenon.
1627 157 1707 199 589

139 247 233 302 11185
250 247 365 288 riche
383 245 551 300 qu'elle.
571 245 627 287 Ge
646 256 727 297 qne
746 244 784 285 le
803 243 918 285 riche
936 256 988 285 ne
1007 246 1109 297 peut
1120 244 1290 285 88118181·
1309 257 1409 284 8ν88
1428 257 1492 286 ses
1510 245 1642 293 biens,
1665 246 1705 288 le

139 323 298 366 pauvre
317 311 491 352 l'achete
510 321 611 351 avec
629 321 674 350 sa
692 309 845 350 misere
864 314 905 349 et
924 322 998 350 son
1021 309 1239 351 affliction.
1261 311 1320 350 De
1340 309 1382 350 18
1401 315 1464 350 cet
1483 312 1708 354 avertisse-

141 381 257 418 ment
276 377 327 418 de
345 376 531 429 l’Apotre
553 387 564 415 z
587 391 606 411 (ι
629 377 687 416 La
706 375 899 427 patience
919 388 1020 415 vous
1039 378 1100 415 est
1119 375 1366 424 8888558118,
1389 376 1474 415 8118
1501 389 1598 428 (188,
1627 377 1707 418 181-

141 445 236 483 sant
254 442 295 482 18
313 442 481 482 volonte
499 441 549 482 de
569 440 689 489 nien,
706 452 807 479 vous
827 440 1158 480 obteniezl’eflet
1178 440 1229 479 de
1247 440 1288 479 ln
1313 453 1537 493 promesse‚
1563 443 1706 494 (Hebr.

140 518 182 558 x,
204 506 290 560 36.)
309 521 328 546 »
352 510 394 547 et
423 518 488 547 ees
519 508 658 546 autres
689 505 740 545 de
772 505 884 545 saint
916 506 1125 558 Angustia
1150 517 1159 545 ε
1187 506 1311 546 «Mes
1340 506 1486 558 freres,
1516 520 1570 547 ne
1602 521 1706 548 vous

141 572 287 613 fachez
308 584 381 624 1185
401 571 492 611 5118
512 571 597 610 1881
615 572 744 622 regne
758 570 862 610 (1885
881 571 918 610 18
941 571 1107 620 monde,
1127 574 1169 610 et
1188 574 1411 623 supportez
1431 572 1708 623 patiemment

142 637 390 686 l'adversite,
401 647 523 688 parce
536 636 636 687 qu'il
651 635 757 675 n’est
769 647 843 688 pas
861 635 991 687 digne
1006 636 1106 675 d’un
1122 636 1317 675 Chre-tien
1333 637 1385 675 de
1398 635 1708 689 s'enorgueillir

141 702 245 743 (1885
264 701 320 741 185
340 701 483 741 choses
504 701 781 753 temporelles‚
805 701 910 740 81815
929 700 1067 753 11111ῑό1
1088 701 1116 740 11
1138 701 1196 741 181
1222 702 1419 741 convient
1441 702 1491 742 de
1518 702 1603 742 s'en
1625 703 1706 743 hu-

141 766 292 808 milier.
314 768 378 806 Au
399 765 489 816 ciel,
513 766 573 806 les
594 766 811 806 mechants
836 778 887 806 ne
906 766 1128 818 possedeat
1158 766 1265 814 rien,
1288 772 1328 806 et
1361 780 1463 807 vous
1495 779 1548 807 ne
1581 769 1707 809 «levez

140 831 231 872 rien
251 831 447 883 posseder
466 843 537 871 sur
556 835 682 872 terre.
707 831 891 884 L'espoir
911 831 966 871 du
988 832 1085 871 bien
1117 832 1273 885 auquel
1303 845 1406 872 vous
1439 833 1587 873 tendez
1620 834 1709 874 doit

140 908 243 937 vous
263 896 370 936 faire
391 896 552 948 rejouir
570 897 620 936 de
642 899 732 936 tout
749 909 795 936 88
817 897 888 948 (181
908 909 1010 936 vous
1036 897 1172 936 arrive
1203 897 1306 936 dans
1338 898 1378 936 18
1399 902 1535 938 18818.
1557 898 1706 950 (Serm.

140 973 209 1002 sur
229 961 269 1002 la
281 962 497 1016 patience.)
512 978 530 997 »
544 962 666 1003 Voila
684 962 789 1002 donc
802 962 1009 1014 pourquoi
1025 964 1049 1001 8
1068 973 1173 1001 ceux
1189 963 1261 1015 qui
1281 967 1375 1002 sont
1394 963 1576 1015 affliges»,
1605 976 1710 1004 8885

140 1027 298 1068 offrons
334 1040 415 1067 une
445 1027 583 1080 palme
614 1027 872 1079 verdoyante
904 1040 957 1067 en
991 1028 1126 1067 meme
1157 1032 1290 1080 temps
1335 1041 1417 1080 que
1449 1030 1490 1068 la
1535 1030 1708 1081 myrrhe

140 1094 295 1141 amere,
317 1104 440 1144 parce
465 1105 546 1144 que
566 1092 608 1132 18
626 1092 779 1145 palme,
804 1093 894 1145 plus
915 1105 969 1132 on
989 1093 1030 1132 18
1050 1105 1188 1145 presse
1208 1098 1249 1133 et
1269 1093 1364 1145 plus
1382 1094 1462 1134 elle
1482 1094 1632 1135 s'eleve
1653 1108 1709 1136 en

141 1157 260 1205 haut,
283 1157 362 1197 elle
379 1162 442 1197 est
461 1158 652 1209 toujours
670 1161 799 1205 verte,
824 1158 987 1209 malgre
1010 1159 1067 1198 les
1087 1159 1249 1205 1118185,
1271 1159 1329 1198 185
1349 1159 1514 1199 18811185
1537 1168 1635 1200 vent
1655 1173 1709 1200 88

142 1222 398 1273 diminuant,
419 1221 498 1263 elle
519 1222 668 1262 s'eleve
688 1235 780 1262 vers
799 1223 838 1262 le
858 1223 933 1262 ciel
954 1226 996 1263 et
1015 1223 1183 1275 produit
1204 1224 1254 1263 de
1274 1224 1387 1263 doux
1407 1224 1545 1264 fruits.
1570 1227 1649 1265 Par
1667 1226 1711 1266 18

142 1287 222 1328 8118
242 1288 414 1339 designe
435 1289 460 1326 8
479 1287 694 1327 merveille
712 1287 753 1328 18
778 1291 899 1327 vertu
931 1289 982 1328 de
1011 1289 1217 1340 patience,
1252 1290 1350 1329 unie
1380 1292 1404 1328 8
1436 1290 1476 1329 18
1508 1293 1711 1342 pauvrete

93 1369 99 1375 ·
141 1364 197 1392 ou
216 1352 508 1401 al'afssioiion,
530 1352 711 1404 laquelle
731 1355 911 1405 85181118
944 1354 968 1392 8
999 1353 1170 1392 1’888188
1203 1366 1365 1394 8881818
1398 1354 1436 1394 18
1468 1355 1648 1407 118118181·
1669 1360 1712 1396 et

141 1429 269 1457 suave
289 1430 342 1457 88
363 1417 467 1457 fruit
487 1417 559 1469 (181
579 1418 694 1457 eleve
713 1417 836 1457 l’ame
855 1430 949 1457 vers
969 1418 1007 1458 18
1027 1418 1105 1458 8181
1125 1421 1167 1458 81
1186 1431 1238 1458 88
1271 1419 1518 1472 proportion
1552 1420 1712 1462 directe

141 1482 194 1523 de
212 1482 254 1522 18
273 1483 461 1535 1118551811
479 1484 650 1523 exercee
665 1495 741 1535 1181
760 1484 799 1522 18
820 1483 1082 1523 tribulation.
1099 1483 1187 1523 Elle
1202 1496 1251 1524 ne
1266 1496 1308 1524 se
1328 1485 1524 1524 desseche
1539 1485 1708 1537 jamnis,

142 1548 280 1600 quelle
301 1560 382 1601 que
413 1548 494 1588 soit
518 1548 727 1600 l’asperite
764 1549 836 1600 qui
868 1549 1107 1589 survienne.
1154 1551 1209 1590 Le
1253 1562 1410 1602 pauvre
1452 1556 1495 1591 et
1533 1550 1711 1604 l'afssige

141 1613 284 1654 diront
320 1614 427 1654 donc
458 1625 558 1653 avec
585 1613 794 1666 l'Epoux:
822 1627 842 1652 (ι
863 1614 948 1654 Mes
978 1614 1111 1654 818185
1156 1619 1230 1655 881
1262 1615 1415 1656 (11511118
1447 1616 1489 1656 18
1521 1617 1712 1669 myrrhe.

140 1677 278 1732 (Cant.
300 1690 340 1728 v,
363 1677 420 1732 5.)
443 1692 463 1716 »
489 1681 531 1718 et
549 1690 648 1718 avec
669 1679 706 1719 le
732 1679 895 1732 patient
916 1679 994 1720 Joh
1016 1693 1025 1719 :
1046 1695 1064 1716 α
1086 1680 1135 1721 Je
1155 1681 1342 1720 mourrai
1362 1680 1468 1720 dans
1488 1693 1588 1721 8188
1609 1682 1716 1734 petit

141 1744 231 1795 nid,
247 1743 292 1796 je
310 1743 584 1796 multiplierai
603 1756 692 1784 mes
706 1744 826 1796 jours
845 1756 1006 1785 comme
1026 1746 1064 1785 le
1084 1746 1277 1798 palmier.
1298 1745 1402 1797 (Job.
1425 1757 1542 1795 xxm,
1565 1747 1652 1800 18.)
1670 1760 1692 1785 11

195 1810 239 1849 6⁰
260 1810 372 1849 Pour
391 1820 497 1849 ceux
517 1809 590 1860 qui
610 1813 705 1848 sont
724 1821 776 1848 88
797 1814 977 1849 sommet
995 1810 1067 1850 des
1099 1810 1329 1859 honneurs,
1349 1811 1393 1861 je
1423 1810 1587 1862 cueille,
1609 1811 1716 1852 dans

142 1873 182 1914 18
198 1872 339 1925 Jardin
360 1873 416 1912 du
436 1874 650 1913 Nazareen
670 1885 753 1926 que
772 1874 811 1913 18
833 1874 1042 1925 Seigneur
1067 1887 1092 1914 8
1110 1874 1225 1924 11881,
1256 1886 1418 1916 8818188
1443 1879 1642 1916 81188885
1671 1878 1716 1918 et

143 2070 361 2109 81111811888.
402 2071 462 2108 Sic
519 2075 645 2107 monet
678 2071 906 2117 Apostolus:

148 2134 161 2152 α
187 2119 367 2156 Patientia
399 2118 504 2155 vobis
535 2118 749 2155 necessaria
779 2123 848 2163 est,
870 2123 909 2154 ut

143 2167 375 2204 voluntatem
407 2166 470 2202 Dei
502 2166 682 2202 facientes
714 2166 909 2212 reportetis

144 2214 492 2262 repromissionem,
523 2228 536 2245 »v
579 2214 622 2249 Et
654 2219 806 2250 sanctus
841 2215 910 2250 Au-

143 2262 318 2310 gustinus
341 2272 372 2298 :«
396 2261 450 2299 Ne
472 2261 739 2307 indignemini,
762 2261 908 2305 fratres,

145 2310 178 2347 si
215 2310 256 2346 in
294 2309 436 2346 mundo
472 2308 562 2345 mali
600 2312 748 2354 1181881,
779 2314 813 2345 81
849 2318 910 2346 vos

145 2357 298 2394 adversa
343 2356 555 2403 patiemini,
595 2357 683 2402 quia
728 2367 806 2392 non
856 2362 910 2392 est

146 2404 368 2442 Christianae
383 2404 577 2451 religIonis
613 2405 652 2440 in
691 2404 909 2450 temporali-

146 2450 217 2488 bus
253 2451 422 2495 exaltari‚
459 2452 524 2488 sed
563 2452 686 2498 potius
733 2452 907 2497 deprimi.

147 2498 238 2536 Mali
256 2499 359 2535 enim
378 2499 474 2536 nihil
497 2499 635 2536 habent
668 2500 707 2535 18
740 2499 850 2546 eoeto,
872 2504 908 2535 et

147 2556 212 2582 vos
232 2545 331 2582 nihil
346 2546 489 2583 debetis
509 2546 646 2584 habere
667 2547 706 2583 in
722 2548 910 2591 terra,sed

80 2627 89 2634 ,
147 2603 213 2640 spe
250 2592 354 2629 illius
390 2592 480 2630 boni
516 2595 562 2630 ad
600 2595 700 2640 quod
740 2595 908 2638 tenditis,

173 2640 330 2687 uidquid
363 2640 403 2676 in
441 2641 499 2677 via
528 2642 726 2689 contingit,
747 2643 911 2686 gaudere

147 2651 305 2725 debetis.
330 2702 344 2720 ι»
381 2687 577 2734 Propterea
606 2689 719 2736 igitur
759 2689 816 2725 his
847 2690 911 2736 qui

148 2736 191 2772 in
209 2733 414 2772 afflictione
433 2740 534 2779 sunt,
553 2737 718 2783 palmam
745 2747 908 2773 vernan-

149 2786 226 2819 tem
246 2793 333 2820 cum
371 2782 524 2828 myrrha
546 2793 673 2821 amara
703 2784 910 2827 offerimus,

150 2830 240 2877 quia
258 2830 397 2876 palma,
420 2834 560 2876 quanto
579 2832 698 2878 magis
712 2833 910 2879 premitur,

150 2881 254 2914 tanto
273 2877 393 2924 magis
411 2877 453 2914 in
471 2877 588 2914 altum
619 2880 788 2927 erigitur,
809 2891 911 2916 sem-

150 2935 291 3009 perque
334 2925 440 2969 viret,
492 2934 728 2974 quocumque
779 2927 911 2964 nubilo

179 2972 307 3010 iemali
339 2982 418 3010 non
448 2971 633 3020 obstante,
666 2985 711 3013 ac
740 2975 911 3012 diminu-

947 2071 1049 2107 tione
1098 2082 1228 2108 eorum
1282 2083 1365 2118 quae
1409 2073 1587 2109 deorsum
1627 2077 1716 2110 sunt

947 2119 1139 2163 foliorum,
1191 2130 1345 2165 procera
1394 2120 1533 2156 coelum
1586 2130 1716 2157 versus

947 2166 1122 2202 dulcibus
1142 2172 1197 2202 est
1217 2167 1391 2203 foecunda
1422 2167 1620 2204 fructibus.
1654 2168 1716 2206 Sie

948 2214 1137 2260 patientiae
1157 2215 1332 2251 virtutem
1364 2215 1557 2260 aptissime
1587 2215 1717 2262 desig-

949 2267 1026 2305 nat,
1059 2263 1267 2308 paupertati
1300 2262 1357 2298 vel
1388 2261 1586 2299 afflictioni
1618 2272 1716 2300 con-

944 2310 1131 2355 junctam,
1153 2320 1236 2356 quae
1255 2320 1386 2356 aspera
1416 2315 1471 2346 est
1502 2310 1542 2346 in
1574 2310 1716 2347 cortice

948 2358 1065 2393 instar
1109 2358 1262 2401 Palmae,
1313 2358 1438 2394 suavis
1486 2358 1527 2394 in
1573 2358 1714 2405 fructu,

948 2415 1031 2451 quae
1051 2405 1222 2442 animum
1245 2416 1371 2442 versus
1391 2405 1530 2442 coelum
1553 2404 1715 2450 extollit,

948 2457 983 2489 81
1003 2463 1077 2499 (188
1108 2454 1229 2499 magis
1268 2453 1458 2489 tribulatio
1497 2452 1649 2499 premit,
1670 2462 1715 2490 eo

947 2500 1098 2536 animus
1119 2501 1238 2547 magis
1258 2501 1391 2547 erigit3
1426 2510 1497 2536 nec
1528 2509 1716 2546 quacum-

949 2558 1020 2595 que
1051 2550 1247 2594 asperitate
1278 2548 1515 2593 adveniente,
1538 2548 1619 2594 ipsa
1640 2558 1717 2584 ma-

949 2596 1072 2632 rescit.
1099 2596 1201 2632 Dicat
1222 2606 1308 2642 ergo
1327 2606 1468 2641 pauper
1495 2599 1531 2631 et
1551 2593 1714 2632 afflictus

948 2654 1034 2679 cum
1056 2654 1196 2690 sponso
1220 2654 1228 2680 :
1251 2657 1264 2674 α
1289 2643 1422 2679 Manus
1437 2653 1531 2679 meae
1550 2642 1717 2679 distilla-

949 2696 1080 2727 verunt
1102 2691 1307 2736 myrrham.
1334 2706 1347 2722 α
1384 2691 1490 2727 Dicat
1520 2700 1608 2727 cum
1645 2689 1716 2727 Job

949 2739 1114 2785 patiente
1137 2749 1144 2774 :
1170 2752 1182 2768 «
1207 2739 1250 2774 In
1276 2738 1408 2774 nidulo
1446 2748 1530 2774 meo
1559 2738 1716 2781 moriar,

950 2786 1056 2832 quasi
1126 2785 1250 2831 palma
1313 2785 1573 2832 multiplicabo
1633 2784 1717 2822 dies

949 2844 1066 2869 meos.
1100 2848 1113 2864 n

997 2881 1107 2916 Sexto
1142 2880 1201 2916 his
1223 2879 1287 2926 qui
1307 2880 1348 2916 in
1369 2879 1599 2917 sublimitate
1627 2883 1717 2917 sunt

951 2927 1120 2971 honoris,
1160 2927 1206 2964 de
1251 2927 1365 2964 Horto
1415 2927 1614 2971 Nazareni,
1652 2927 1718 2965 cui

950 2974 1143 3012 benedixit
1174 2975 1372 3022 Dominus,
1404 2974 1446 3012 in
1476 2975 1649 3013 Strenam
1678 2978 1716 3013 et
