1858 3184
1653 185 1731 227 6³5

135 284 277 330 6663,
299 272 388 328 qui,
410 286 518 328 pour
545 273 698 315 61611111·
725 274 818 315 1661
838 274 1183 327 dogmatisation,
1206 277 1386 314 mettent
1415 286 1468 315 en
1502 279 1631 316 avant
1658 275 1732 316 (165

157 344 292 382 textos
317 339 620 392 scripturatum,
643 339 751 379 mais
770 343 948 380 souvent
978 339 1147 380 mutiles
1168 341 1211 379 et
1235 341 1401 392 coupeS.
1426 340 1563 390 Ainsi,
1585 344 1733 382 contre

156 404 197 446 16
216 405 327 445 66116
349 404 422 445 665
441 405 616 457 imeges,
639 404 690 444 ils
719 404 939 457 alleguent
970 406 1006 445 le
1038 407 1154 444 texte
1176 415 1185 443 :
1212 420 1231 440 «
1255 405 1367 445 Vous
1400 417 1453 445 ne
1483 418 1586 445 vous
1618 406 1731 446 ferez

155 469 277 523 point
295 470 478 522 d'image
496 469 651 519 1611166,
676 483 695 507 »
719 472 762 510 61
792 469 963 510 luissent
993 481 1038 509 ce
1066 469 1139 522 qui
1181 469 1264 509 5611
1288 481 1296 508 :
1324 483 1343 506 «
1364 482 1471 522 pour
1490 470 1686 511 l’adorer.
1707 484 1728 508 ι»

156 535 307 576 Contre
328 534 626 575 l’intercession
647 535 719 575 des
738 535 894 585 Saints,
920 535 968 574 ils
989 539 1169 574 mettent
1188 547 1242 575 en
1262 538 1391 574 avant
1410 534 1448 575 16
1481 538 1594 575 texte
1618 548 1627 574 :
1654 550 1672 573 «
1694 536 1728 576 Il

156 599 230 653 n’y
259 612 286 640 6.
315 600 445 653 qu'un
476 599 567 640 seul
598 599 848 650 1666161661,
875 616 894 636 »
929 603 970 639 61
1003 599 1174 639 16155661
1193 612 1238 639 66
1259 600 1334 652 qui
1356 599 1439 639 suit
1463 613 1471 639 :
1497 617 1515 636 ιι
1541 601 1613 652 qui
1632 601 1732 641 s'est

158 665 297 706 donne
316 665 530 706 lui-meme
550 677 658 717 pour
678 677 798 705 nous.
825 681 843 701 n
867 666 1016 705 Contre
1036 665 1095 704 165
1116 665 1192 704 1015
1211 665 1435 705 humaines
1463 668 1507 705 et
1539 665 1597 705 les
1629 666 1727 717 pre-

158 733 297 782 captes
317 730 368 769 de
388 729 575 782 l'ssglise,
598 729 648 769 ils
667 729 886 782 alleguent
905 731 942 770 16
964 732 1078 770 texte
1103 741 1111 769 :
1139 746 1157 766 «
1178 731 1211 770 11
1232 730 1304 782 n’y
1318 742 1343 770 6
1357 730 1488 782 qu'un
1503 729 1735 782 566116315-

157 794 296 834 lateur
314 798 356 835 et
376 794 503 848 qu'un
526 795 615 835 seul
639 794 759 847 juge,
787 810 806 834 »
830 798 1036 835 omettant
1069 796 1110 834 16
1141 796 1250 835 56116
1273 809 1282 835 ;
1308 812 1325 830 α
1350 795 1423 848 qui
1455 797 1557 847 peut
1582 796 1734 848 perdre

158 863 200 900 et
218 871 384 900 sauver.
412 876 430 896 n

210 927 254 966 2⁰
273 924 379 965 Dieu
399 938 424 964 6
443 925 571 965 voulu
602 929 832 978 permettre
864 926 902 965 16
937 925 1103 965 trouble
1124 926 1348 972 d'Herode,
1371 924 1452 964 afln
1473 925 1525 964 de
1544 927 1736 964 monti-er

157 1002 211 1030 66
233 991 369 1043 grand
385 990 486 1042 jour
505 1003 552 1030 56
572 993 745 1030 6166616
767 994 809 1030 61
841 1003 914 1030 506
948 996 1103 1039 651666,
1129 990 1317 1043 lorsqu'il
1348 993 1525 1043 prepare
1557 991 1736 1030 5661616-

156 1058 276 1095 111661,
294 1055 335 1095 16
356 1060 468 1095 mort
486 1055 538 1095 de
558 1054 749 1104 l’enfant,
778 1061 818 1095 et
840 1068 947 1108 pour
967 1060 1156 1095 monti-er
1176 1068 1228 1095 en
1251 1056 1388 1095 meme
1408 1060 1543 1108 temps
1576 1066 1658 1108 que
1677 1055 1735 1095 165

157 1120 342 1160 (16556165
361 1121 413 1160 de
433 1120 632 1161 l'homme
652 1133 703 1161 ne
724 1124 908 1174 peuvent
929 1121 1015 1160 rien
1049 1124 1192 1160 contre
1225 1133 1331 1160 ceux
1364 1120 1414 1160 de
1447 1121 1568 1168 Dieu,
1592 1124 1633 1159 et
1653 1131 1736 1172 que

156 1185 230 1225 nul
251 1197 303 1225 ne
321 1187 423 1238 peut
454 1186 514 1225 lui
546 1186 742 1226 611661161-
774 1186 813 1225 le.
844 1186 908 1225 vie
942 1198 1023 1238 que
1060 1186 1250 1237 lorsqu'il
1282 1186 1489 1237 daignera
1516 1186 1556 1224 la
1577 1184 1737 1237 quitter

155 1262 264 1303 pour
283 1263 403 1291 nous.
430 1267 449 1287 «
469 1251 502 1290 Il
524 1251 594 1303 n'y
614 1264 638 1291 a
658 1264 732 1303 pas
752 1251 803 1290 (16
823 1263 1003 1303 sugesse,
1030 1251 1080 1290 de
1103 1251 1313 1303 prudence
1336 1254 1378 1290 et
1399 1250 1450 1291 (16
1471 1250 1634 1290 dessein
1662 1249 1736 1302 qui

155 1315 295 1368 puisse
314 1317 526 1369 prevaloir
545 1320 689 1357 contre
709 1317 746 1356 16
769 1317 951 1367 Seigneu
960 1329 991 1355 r.
1015 1318 1071 1356 Le
1095 1316 1310 1368 Seigneur
1330 1327 1525 1355 renverse
1551 1316 1612 1355 les
1631 1326 1737 1367 pen-

161 1382 251 1421 5665
270 1381 342 1421 des
361 1382 532 1434 peuples
551 1385 593 1423 et
612 1383 671 1422 les
690 1382 866 1422 conseils
887 1382 958 1421 des
980 1384 1160 1434 princes.
1183 1382 1300 1430 Mais,
1325 1381 1362 1421 16
1385 1380 1543 1420 6065611
1563 1380 1619 1420 du
1641 1380 1733 1420 861-

159 1456 294 1497 gneur
313 1446 511 1486 demeure
543 1448 879 1487 eternellement.
914 1446 996 1500 (Ps.
1020 1458 1150 1495 xxxu,
1174 1449 1226 1486 10
1246 1452 1287 1486 61
1308 1445 1391 1498 11,)
1415 1460 1433 1483 »
1471 1445 1604 1494 Ainsi,
1621 1444 1734 1485 Pha-

155 1522 260 1550 raon
280 1511 469 1552 ordonne
484 1512 534 1552 de
556 1525 690 1564 noyer
709 1517 804 1552 1065
822 1512 882 1552 165
902 1512 1068 1551 6616615
1089 1513 1218 1551 moles
1237 1512 1310 1551 des
1326 1511 1540 1560 Hebreux,
1557 1510 1607 1550 de
1630 1521 1738 1563 peur

156 1587 238 1628 que
258 1579 364 1616 cette
384 1577 529 1616 661106
552 1590 604 1616 ne
627 1577 798 1629 grandit
819 1580 859 1617 et
882 1589 933 1616 ne
955 1590 998 1616 se
1021 1578 1193 1615 1011111511
1213 1589 1264 1616 66
1285 1578 1452 1628 Egypte
1482 1581 1525 1616 et
1553 1587 1606 1615 ne
1634 1575 1730 1615 finit

155 1651 233 1693 par
252 1640 313 1692 s'y
331 1653 525 1694 emparer
545 1642 601 1682 du
622 1643 813 1694 pouvoir.
836 1642 953 1691 Mais,
977 1643 1006 1681 il
1028 1655 1076 1682 en
1099 1642 1287 1694 ecliappe
1309 1654 1381 1691 un,
1406 1642 1479 1694 qui
1497 1645 1560 1681 est
1580 1641 1726 1689 Mo'ise,

157 1705 256 1746 chef
271 1705 322 1746 de
341 1719 386 1746 56
405 1707 564 1757 nation,
587 1708 659 1760 qui
678 1707 720 1747 16
739 1707 898 1747 delivre
917 1708 990 1747 des
1011 1708 1145 1747 mains
1166 1708 1218 1746 de
1238 1707 1450 1756 Phanion,
1472 1706 1569 1746 noie
1603 1706 1643 1745 16
1670 1705 1735 1745 roi

157 1782 258 1811 avec
288 1783 362 1811 son
395 1774 536 1812 6111166
565 1773 668 1812 dans
699 1773 758 1812 les
788 1772 1067 1824 profondeurs
1099 1773 1150 1811 de
1186 1773 1226 1811 16
1247 1783 1351 1819 mer,
1376 1774 1417 1811 et
1436 1771 1543 1810 ainsi
1565 1770 1595 1810 il
1616 1769 1689 1822 n'y
1707 1782 1733 1810 6

157 1836 280 1888 point
298 1836 349 1875 de
369 1837 539 1886 conseil,
556 1838 676 1889 point
694 1838 744 1877 de
766 1849 931 1888 sagesse
952 1843 1096 1876 contre
1115 1838 1153 1876 le
1175 1836 1401 1887 Seigneur.
1424 1836 1543 1876 Ainsi
1565 1846 1731 1884 encore,

159 1900 219 1940 les
237 1900 368 1941 freres
388 1903 438 1942 66
456 1902 611 1954 Joseph
629 1902 850 1954 pensaient
869 1903 907 1942 le
927 1902 1094 1954 perdre‚
1107 1903 1207 1941 86111
1225 1902 1404 1953 65661611
1420 1901 1569 1953 perdre
1583 1900 1732 1950 David,

699 186 802 226 111111
830 195 882 225 nr,
910 184 1184 226 n’erlrmtmn,

159 2054 379 2101 imperfecto
408 2055 463 2092 vel
496 2056 666 2103 quisquis
695 2061 824 2093 auctor
855 2062 924 2092 651.

968 2057 1120 2102 mulque
1148 2056 1325 2093 omnibus
1355 2057 1605 2092 innotesceret
1637 2053 1734 2091 nihil

161 2100 246 2139 Non
266 2102 460 2139 absimiles
481 2108 569 2140 sunt
595 2105 714 2140 nostri
746 2104 925 2147 haeretiei,

967 2115 1075 2157 posse
1098 2104 1263 2140 bumana
1296 2103 1455 2140 consiliu
1475 2103 1654 2138 adversus
1672 2101 1737 2138 di-

159 2149 239 2195 661,
256 2155 295 2186 61
315 2160 382 2186 566
398 2150 589 2187 stabiliant
602 2152 790 2198 dogmata,
807 2152 928 2198 sci-ip-

158 2199 254 2233 16146
273 2198 425 2244 quidem
447 2198 558 2234 verba
578 2199 617 2235 in
649 2200 816 2235 medium
838 2211 927 2245 pro-

159 2244 300 2289 ferunt,
330 2246 394 2282 566
434 2256 723 2292 nonnumquam
758 2247 927 2283 mutilata

161 2295 196 2328 61
216 2293 382 2329 concisa.
405 2293 465 2330 Sic
486 2299 616 2330 contra
636 2295 820 2340 imagines
840 2294 928 2330 alle-

161 2344 251 2386 gant
281 2340 375 2377 ittud
399 2351 408 2378 t
430 2356 443 2373 «ι
466 2343 551 2378 Non
573 2342 687 2379 facies
718 2342 784 2378 tibi
806 2342 929 2388 sculp-

161 2386 242 2431 tile,
260 2401 275 2419 1·
292 2388 387 2425 relin
417 2394 510 2425 uunt
532 2390 631 2435 quod
652 2390 834 2436 sequitur,
852 2405 864 2421 «
889 2394 927 2425 61

162 2433 294 2471 adores
325 2435 391 2472 illu
425 2463 432 2471 .
456 2452 470 2470 a
496 2436 556 2473 Sic
582 2443 711 2474 contra
743 2438 927 2474 interces—

164 2481 310 2518 sionem
323 2482 544 2520 Sanctorum
559 2486 753 2531 proferunt
771 2496 778 2521 :
794 2498 807 2515 ot
826 2486 928 2522 Unus

164 2531 226 2582 651.
240 2529 435 2573 mediator,
453 2547 467 2566 n
484 2532 700 2579 relinquunt
724 2533 820 2579 quod
844 2532 929 2568 sub-

159 2579 315 2621 chitur:
335 2589 352 2611 α
373 2578 443 2622 Qui
466 2580 568 2615 66611
596 2581 839 2626 semetipsum
861 2591 928 2626 pro

165 2622 308 2659 multis.
327 2639 341 2657 ι
364 2624 424 2662 816
443 2631 573 2663 contra
606 2628 705 2674 leges
728 2628 926 2673 humanas,

164 2674 201 2707 et
250 2676 436 2719 praecepta
484 2674 662 2712 Ecclesiae
713 2676 877 2722 allegant
917 2686 924 2711 :

169 2717 307 2771 {Unus
321 2723 377 2755 est
392 2719 592 2766 Legislator
604 2729 638 2759 et
658 2723 792 2767 ludex,
813 2739 824 2755 ιι
844 2722 928 2758 sub-

165 2768 283 2802 116661
320 2767 419 2814 quod
458 2769 649 2815 sequitur:
668 2784 682 2802 ι
705 2771 768 2817 qui
808 2775 928 2817 potest

164 2813 320 2858 perdere
339 2818 376 2851 61
395 2814 550 2852 salvare.
568 2831 582 2848 n

213 2859 399 2906 Secundo,
429 2862 599 2901 dicamus
621 2866 738 2902 Deum
768 2864 930 2902 voluisse

165 2908 382 2952 permittere
413 2909 665 2949 turbationem
698 2913 868 2956 Herodis,
891 2917 930 2948 ut

166 2953 470 3009 cius-crudelitas
494 2962 529 2994 et
553 2961 689 2996 astutia
707 2964 928 3007 patesceret,

162 3001 330 3040 mouens
347 3005 535 3043 occultam
564 3016 694 3044 necem
724 3018 855 3055 puero,
876 3008 930 3043 si—

968 2162 1073 2194 v;nn;
1096 2162 1165 2187 666
1186 2162 1415 2197 quemquam
1436 2150 1470 2186 61
1491 2160 1599 2196 posse
1621 2149 1735 2186 vitam

966 2200 1122 2246 eripere,
1148 2200 1219 2235 nisi
1239 2209 1327 2235 cuni
1347 2209 1429 2234 earn
1451 2209 1517 2245 pro
1542 2197 1653 2234 nobis
1672 2197 1735 2233 di—

966 2252 1144 2291 gnaretur
1173 2257 1311 2293 ponere
1333 2257 1341 2282 :
1363 2259 1376 2277 «
1401 2245 1485 2283 Non
1506 2250 1561 2282 est
1581 2244 1736 2292 sapien-

967 2294 1031 2337 tia,
1053 2305 1129 2330 non
1151 2300 1205 2330 cst
1226 2294 1437 2340 prudentia,
1460 2304 1538 2330 non
1564 2297 1619 2329 est
1638 2302 1735 2329 con—

967 2342 1093 2378 silium
1133 2347 1264 2378 contra
1306 2342 1524 2378 Dominum.
1550 2340 1734 2377 Dominus

969 2389 1139 2435 reprobat
1161 2389 1408 2435 cogitationes
1440 2388 1667 2435 populorum
1698 2391 1735 2424 ct

966 2437 1127 2473 consilia
1159 2437 1392 2483 Principum,
1426 2436 1631 2472 consitium
1662 2445 1734 2472 au-

968 2489 1041 2521 tem
1079 2485 1228 2521 Domini
1269 2485 1308 2520 in
1337 2489 1522 2520 aeternum
1555 2487 1695 2520 manet.
1715 2497 1730 2516 ι

966 2533 1026 2569 816
1062 2532 1202 2569 Plini-uo
1237 2532 1344 2578 Jubct
1379 2531 1570 2578 submergi
1601 2540 1735 2568 omnes

968 2580 1155 2616 masculos
1194 2580 1457 2622 Hebraeorum,
1488 2589 1632 2626 negens
1668 2577 1736 2615 illa

968 2628 1209 2664 multitudine
1231 2633 1266 2663 61
1286 2627 1506 2663 fortitudine
1533 2627 1571 2662 in
1592 2626 1732 2672 AEgyp-

969 2681 1003 2711 to
1033 2675 1278 2718 invalescent,
1302 2685 1426 2711 rerum
1461 2674 1613 2710 tandem
1632 2673 1735 2720 poti-

969 2727 1081 2758 retur.
1117 2722 1252 2758 Vcrum
1288 2732 1385 2758 unus
1417 2722 1539 2758 evadit
1570 2721 1733 2767 Moyses,

967 2770 1030 2816 qui
1051 2770 1175 2815 gentis
1206 2780 1284 2806 suae
1303 2770 1379 2806 dux
1411 2770 1457 2806 (16
1490 2779 1607 2805 manu
1635 2768 1734 2805 Pha-

970 2818 1094 2853 raonis
1114 2828 1195 2853 earn
1217 2817 1361 2864 eripere
1382 2817 1518 2864 potuit,
1539 2820 1575 2853 et
1595 2816 1735 2863 Regem

967 2875 1056 2901 cum
1076 2865 1242 2901 exercitu
1259 2875 1326 2901 suo
1347 2865 1387 2901 in
1408 2864 1639 2911 profundum
1658 2874 1734 2900 ma·

969 2912 1019 2948 ris
1051 2922 1232 2958 mergere,
1253 2917 1288 2949 et
1320 2913 1371 2948 ita
1403 2923 1482 2949 nou
1513 2916 1568 2949 est
1605 2910 1737 2949 consi-

970 2960 1078 3003 lium,
1100 2971 1178 2996 nou
1199 2964 1254 2996 651
1278 2960 1464 3006 sapientia
1495 2964 1627 2997 contra
1657 2958 1734 2996 Do-

968 3007 1132 3044 minum.
1154 3007 1214 3044 Sic
1233 3008 1372 3044 iterum
1399 3007 1583 3055 putabant
1602 3007 1734 3045 fratres
