1858 3184
1598 138 1676 179 571

114 259 211 289 sans
224 245 379 300 ,18111818
394 243 535 286 sortir.
555 239 668 284 Ainsi
687 250 795 280 nous
815 241 1019 278 tom-none
1035 234 1141 276 dans
1170 243 1246 272 nos
1277 230 1388 271 vices
1417 232 1461 270 et
1490 242 1568 270 nos
1598 229 1679 270 im·

115 311 384 367 perfectione,
405 312 448 350 81
470 306 644 349 voulent
674 316 727 346 en
756 303 898 350 sor-tir,
930 313 1036 341 nous
1066 311 1096 352 y
1125 300 1328 338 tournons
1357 307 1523 335 encore.
1557 295 1678 345 Mais,

116 389 225 419 nous
244 377 401 417 devons
420 372 557 415 saveir
577 382 658 424 que
671 370 770 410 c’est
788 380 869 422 peu
890 367 940 407 de
960 378 1003 406 se
1018 374 1233 419 proposer,
1249 361 1301 402 de
1319 360 1569 401 renouveler
1587 371 1683 401 con·

117 441 492 483 tinuellementsos
510 437 614 477 bons
643 446 795 488 propos
825 437 868 473 et.
898 433 949 471 de
981 431 1079 470 n'eu
1110 428 1281 469 realiser
1311 438 1464 466 aucun.
1500 426 1679 474 L'enfer,

118 518 281 549 comme
300 518 353 547 on
371 505 447 555 dit,
469 505 531 544 est
549 500 700 554 rempli
720 500 772 540 de
790 498 895 538 bons
915 497 1112 545 desseins,
1136 492 1240 533 mais
1259 492 1298 532 le
1319 491 1396 531 ciel
1415 493 1478 531 est
1497 491 1610 543 plein
1629 490 1684 531 de

118 572 280 614 bonnes
298 581 461 612 oeuvres
483 581 492 608 :
515 579 569 607 on
590 578 644 606 ne
663 565 702 605 le
724 575 861 617 gagne
880 574 962 615 que
983 573 1059 614 per
1078 560 1137 600 les
1156 570 1320 599 oeuvres
1339 560 1381 597 et
1400 557 1439 596 le
1459 556 1569 596 desir
1588 555 1683 596 effi·

119 650 215 679 cece
232 637 284 677 de
303 637 361 676 les
380 632 619 685 accomplir.
643 632 731 678 Que
751 627 976 670 conclure?

171 704 216 742 4⁰
235 701 268 742 Il
287 701 378 740 11181
396 698 597 751 implerer
616 707 718 736 avec
734 693 930 735 humilite
950 696 990 732 et
1011 692 1178 731 ferveur
1205 688 1247 728 la
1265 689 1389 740 grece
1409 690 1452 727 et
1481 686 1523 726 la
1553 686 1684 726 bene-

119 767 275 808 diction
294 765 344 805 de
364 764 483 812 Dion,
506 763 593 803 afin
613 761 715 814 qu'il
735 760 891 812 deigne
916 755 1104 797 affermir
1134 760 1177 794 et
1207 753 1428 794 enruciner
1447 765 1499 792 en
1522 764 1626 791 nous
1645 752 1685 791 18

118 831 280 873 dessein
317 830 442 870 d'une
478 829 545 868 vie
582 827 815 867 meilleure.
849 824 882 864 ll
919 824 1009 862 faut
1045 821 1154 861 aussi
1193 820 1399 871 invoquer
1442 817 1480 857 le
1518 828 1687 858 secours

119 897 172 939 de
190 896 231 936 la
249 896 362 938 Mete
381 894 432 934 de
452 894 558 934 Dieu
578 896 619 933 et
638 892 689 932 de
707 894 826 931 notre
846 890 930 929 bon
963 899 1072 938 ange
1104 885 1175 939 qui
1210 884 1387 937 repr-end
1419 895 1471 923 en
1505 883 1687 936 quelque

119 962 232 1002 sorte
245 973 300 1001 au
319 958 680 1000 renouvellement
699 956 749 996 de
770 956 935 995 l'ennee
955 953 1046 993 soin
1068 952 1118 991 de
1140 963 1243 990 nous
1258 952 1300 990 et
1321 961 1425 988 nous
1446 949 1688 990 renouvelle

120 1038 167 1067 se,
184 1025 347 1075 11118118,
369 1025 403 1064 si
424 1036 528 1064 nous
549 1021 828 1063 renouvelons
855 1024 976 1059 notre
1009 1017 1194 1066 volente,
1216 1018 1336 1055 notre
1356 1027 1470 1054 coeur
1506 1019 1546 1054 et
1567 1017 1688 1055 notre

121 1091 380 1133 conscience.
403 1090 551 1130 Disons
570 1088 679 1129 donc
701 1101 710 1127 2
737 1103 757 1124 «
780 1085 1004 1136 Seigneur,
1021 1082 1209 1123 benissez
1229 1081 1267 1120 le
1286 1083 1618 1120 couronnement
1636 1080 1690 1121 de

122 1156 284 1197 l’ennee
304 1156 356 1196 de
374 1158 492 1195 votre
511 1152 794 1194 misericorde.
808 1150 895 1202 (Ps.
913 1161 1023 1198 Lxrv,
1042 1147 1122 1199 12.)
1134 1163 1154 1182 »
1170 1145 1277 1185 c’est
1290 1158 1452 1184 comme
1473 1146 1506 1185 si
1526 1146 1691 1198 chaque

123 1221 245 1262 fidele
265 1220 388 1260 disait
411 1233 420 1259 ε
448 1235 468 1257 «
489 1219 622 1268 Voici,
645 1218 869 1269 Seigneur,
886 1227 968 1268 que
983 1214 1059 1266 j'oi
1079 1214 1207 1252 tresse
1228 1211 1266 1250 la
1287 1223 1498 1251 couronne
1519 1210 1569 1251 de
1591 1210 1694 1251 l’an-

123 1288 200 1327 nee
219 1286 433 1334 derniere;
458 1297 532 1337 per
552 1286 669 1323 votre
689 1280 968 1328 misericorde,
993 1278 1071 1319 elle
1091 1282 1151 1318 est
1169 1277 1350 1317 achevee
1381 1279 1424 1316 et
1443 1276 1691 1328 completee,

123 1352 315 1406 puisque‚
340 1350 479 1390 tendis
499 1361 580 1402 que
596 1348 683 1401 j'en
710 1346 935 1387 ourdissais
967 1355 1115 1383 encore
1146 1343 1184 1382 le
1204 1342 1263 1390 fil,
1287 1354 1390 1380 vous
1415 1341 1556 1381 auriez
1576 1354 1633 1394 pu
1655 1342 1695 1383 le

125 1427 280 1469 couper
298 1418 340 1456 et
358 1427 426 1455 me
445 1415 543 1455 finir
563 1414 616 1453 du
642 1413 769 1453 (1181111
792 1424 845 1451 au
865 1411 962 1450 soir.
986 1409 1104 1457 Mais,
1126 1408 1156 1447 il
1187 1410 1249 1448 est
1281 1406 1512 1446 necessaire
1543 1406 1595 1446 de
1627 1419 1695 1447 re·

126 1493 389 1522 commencer
407 1492 491 1520 une
510 1479 703 1519 nouvelle
722 1488 935 1518 couronne
967 1487 1072 1527 pour
1105 1477 1214 1512 cette
1245 1474 1393 1519 annee,
1425 1476 1467 1511 et
1493 1471 1536 1523 je
1569 1484 1622 1511 ne
1655 1472 1694 1512 le

125 1547 220 1600 puis
238 1558 333 1586 sans
351 1549 470 1586 votre
488 1546 630 1590 bonte,
648 1544 691 1595 Je
713 1555 765 1582 ne
784 1543 878 1595 puis
897 1541 936 1580 18
964 1551 1097 1579 nouer
1128 1551 1223 1577 sans
1253 1541 1371 1577 votre
1406 1539 1545 1588 grece.
1580 1538 1697 1577 Vons

127 1611 201 1665 qui
221 1611 307 1651 etos
327 1610 435 1651 celui
455 1610 527 1663 qui
547 1611 609 1650 est
629 1608 834 1660 toujours,
857 1607 958 1646 dont
978 1605 1037 1644 les
1055 1605 1211 1643 annees
1233 1615 1285 1642 ne
1319 1602 1538 1642 defaillent
1557 1602 1696 1655 point,

130 1688 367 1729 gouvernez
386 1679 428 1716 et
446 1675 606 1726 dirigez
628 1687 702 1713 nos
717 1675 835 1725 jours
855 1676 897 1712 et
916 1683 992 1710 nos
1010 1671 1163 1709 anuees
1184 1669 1255 1721 qui
1270 1667 1441 1707 coulent
1462 1667 1565 1706 dans
1579 1670 1699 1710 voti-e

129 1741 347 1782 direction.
370 1740 638 1781 Couvrez-les
657 1739 708 1778 de
732 1742 850 1777 votre
883 1735 1165 1782 benediction,
1189 1734 1272 1773 afin
1307 1744 1404 1784 que,
1439 1732 1577 1772 tendis
1616 1745 1700 1785 que

130 1819 236 1847 nous
253 1817 433 1846 sommes
451 1806 636 1855 changes
655 1804 832 1843 d'unnee
852 1814 903 1841 en
925 1802 1072 1848 annee,
1094 1800 1146 1838 de
1167 1799 1272 1838 mois
1303 1810 1357 1837 en
1389 1797 1511 1845 mois,
1533 1797 1584 1837 de
1599 1798 1701 1849 jour

132 1883 183 1911 en
199 1871 312 1922 jour,
334 1882 439 1909 nous
460 1881 511 1908 ne
542 1869 776 1919 cliangions
807 1879 880 1918 pas
913 1878 1018 1917 pour
1051 1876 1166 1911 vouS,
1204 1862 1308 1902 mais
1340 1874 1420 1914 que
1454 1874 1560 1900 nous
1596 1875 1702 1903 nous

133 1936 367 1976 attechions
386 1935 612 1975 fortement
631 1936 655 1973 ὁ,
675 1945 788 1981 vous,
813 1932 990 1984 quietes
1021 1928 1194 1976 eternel,
1217 1927 1300 1967 afin
1335 1939 1414 1980 que
1448 1940 1553 1966 nous
1583 1928 1699 1980 puis-

479 164 532 196 u
553 158 838 195 autonomon
865 158 918 189 DE
946 151 1315 188 monn-smenon.

134 2066 235 2103 vitiis
250 2066 389 2102 nostris
406 2070 442 2102 et
462 2062 811 2111 imperfectionibus
825 2062 898 2098 vol·
941 2061 1115 2096 Dicamus
1135 2069 1222 2105 ergo
1239 2069 1269 2094 :a
1289 2058 1508 2100 BenediceS,
1527 2057 1703 2102 Domine,

134 2113 275 2157 vimus,
293 2118 329 2150 et
348 2113 516 2150 volentes
536 2112 660 2158 egredi
682 2112 816 2147 iterum
838 2120 899 2145 re·
938 2118 1087 2145 eoronae
1124 2107 1236 2143 annis
1281 2105 1524 2148 benignitatis
1571 2108 1657 2140 tuae.
1682 2120 1698 2138 ι

136 2161 334 2199 volvimur.
350 2161 426 2197 Hoc
447 2164 573 2196 tamen
594 2159 690 2196 scire
703 2158 898 2200 debemus,

136 2218 271 2256 purum
293 2218 374 2244 esse
406 2217 629 2254 proponere,
651 2211 686 2242 81
717 2206 900 2242 continuo

138 2256 329 2303 proposita
349 2256 410 2302 pia
431 2265 624 2297 renovare,
646 2254 710 2290 sed
732 2253 827 2289 nihil
854 2253 900 2288 ad

140 2303 314 2340 effectum
334 2303 533 2339 deducere.
557 2302 747 2345 1111811188,
768 2306 807 2336 81
826 2299 901 2336 8181

141 2350 249 2394 solet,
276 2350 412 2396 plenus
444 2355 499 2387 est
538 2349 647 2386 bonis
684 2348 900 2396 propositis,

142 2398 207 2434 sed
226 2398 364 2434 eoelum
384 2398 542 2444 plenum
568 2397 678 2433 bonis
709 2395 901 2442 operibus,

144 2449 180 2481 et
211 2445 365 2481 nonnisi
402 2445 479 2482 illis
509 2450 545 2481 81
572 2444 718 2481 efficaci
747 2443 901 2479 illorum

143 2490 336 2528 voluntate
354 2493 572 2538 acquiritur.
595 2492 692 2536 Quid
713 2492 825 2536 igitur
842 2492 857 2525 ?

192 2540 345 2582 Quarto,
360 2539 570 2576 invocanda
589 2544 645 2576 est
665 2549 753 2576 81181
775 2537 902 2574 humi-

143 2585 248 2639 litate
268 2590 302 2621 et
324 2586 466 2623 fervore
484 2588 601 2634 gratia
622 2592 656 2623 81
691 2585 904 2622 benedictio

145 2633 225 2679 Det,
249 2637 287 2669 81
306 2633 478 2678 dignetur
496 2645 562 2680 per
593 2634 699 2670 illam
730 2633 903 2680 proposi-

144 2684 225 2716 tum
245 2679 413 2716 melioris
434 2681 516 2718 vitae
540 2681 579 2718 in
612 2681 722 2718 nobis
755 2682 905 2716 firmare

145 2731 182 2763 et
200 2727 380 2764 radicare.
396 2728 651 2765 Invocandum
672 2735 707 2765 et
720 2727 905 2764 auxilium

145 2774 276 2828 Matris
297 2775 362 2810 Dei
381 2779 417 2810 81
436 2776 566 2821 Angeli
585 2777 718 2821 nostri,
740 2777 803 2822 qui
826 2776 905 2821 jam

146 2831 254 2867 quast
271 2821 318 2858 de
336 2831 433 2858 novo
452 2832 553 2860 anno
578 2833 656 2860 sese
694 2823 906 2861 revolvente

146 2873 364 2913 renovante,
401 2879 531 2907 curam
574 2871 694 2907 nostri
735 2870 905 2916 suscipit,

147 2919 374 2962 renovatque
407 2916 578 2961 tutelam,
609 2918 641 2954 si
670 2918 905 2955 voluntatem

145 2973 387 3008 renovemus,
425 2973 490 3001 cor
536 2968 573 3001 et
616 2966 902 3003 conscientiam.

939 2155 1051 2199 Quasi
1089 2155 1189 2191 (licat
1235 2154 1494 2198 unusquisque
1537 2151 1658 2188 [idelis
1691 2162 1701 2189 :

940 2205 1035 2239 Ecce
1071 2202 1228 2238 Domine
1265 2211 1445 2237 eoronam
1478 2200 1581 2235 texui
1613 2200 1706 2236 anni

939 2250 1132 2297 praeteriti,
1153 2254 1188 2285 et
1220 2254 1282 2284 tua
1314 2247 1547 2293 benignitate
1578 2247 1705 2284 adim-

940 2299 1038 2344 pleta
1059 2303 1129 2340 est,
1150 2302 1185 2333 et
1206 2299 1468 2333 consummata
1489 2305 1627 2331 corona
1648 2294 1704 2330 is-

941 2351 990 2388 ta,
1013 2346 1075 2392 qui
1098 2345 1205 2381 filum
1226 2343 1329 2380 illius
1361 2343 1452 2378 dum
1485 2342 1607 2378 881188
1638 2352 1704 2378 or-

940 2395 1039 2429 direr
1061 2397 1208 2439 poteras
1228 2391 1437 2433 succidere,
1459 2395 1494 2426 et
1514 2390 1560 2425 de
1592 2399 1706 2427 mane

942 2451 1059 2487 usque
1086 2441 1133 2476 ad
1160 2449 1354 2485 vesperam
1387 2448 1446 2474 me
1481 2437 1602 2472 1111118.
1626 2436 1706 2474 Νο-

942 2499 1024 2525 vam
1040 2499 1126 2525 vero
1139 2487 1233 2523 anni
1250 2487 1359 2531 liuJ'us
1373 2486 1506 2521 iterare
1525 2494 1706 2521 coronam

942 2542 1095 2573 necesse
1114 2540 1184 2578 est,
1206 2539 1241 2570 et
1264 2544 1408 2579 nequeo
1430 2533 1512 2568 sine
1533 2531 1622 2568 beni
1649 2530 1706 2568 ni-

942 2589 1015 2620 tate
1047 2589 1124 2624 tua,
1153 2593 1231 2618 uon
1264 2582 1368 2617 va!eo
1399 2590 1483 2616 eam
1517 2584 1622 2626 prote
1639 2588 1706 2616 818

942 2632 1024 2668 sine
1044 2631 1161 2677 gratia
1182 2635 1244 2665 tua
1263 2629 1360 2673 Ergo
1381 2632 1418 2663 tu
1441 2627 1504 2672 qui
1530 2637 1570 2663 es
1602 2636 1707 2663 sem-

942 2690 1009 2725 per
1028 2679 1060 2714 is
1081 2679 1145 2724 qui
1165 2681 1235 2718 est,
1256 2676 1364 2721 quus
1397 2675 1490 2710 anni
1511 2684 1589 2710 non
1608 2673 1707 2710 (1811-

943 2727 1062 2768 eiunt,
1084 2726 1124 2761 in
1145 2729 1180 2761 te
1212 2727 1370 2759 fluentes
1402 2732 1526 2758 annos
1558 2726 1709 2758 nostros

944 2779 979 2812 et
999 2779 1167 2818 tempora
1187 2781 1287 2816 rege,
1308 2775 1343 2806 et
1377 2774 1566 2815 tempera;
1589 2768 1709 2806 bene·-

944 2821 1110 2858 dictione
1132 2824 1193 2855 tua
1213 2818 1278 2854 illa
1298 2827 1537 2864 prosequere,
1558 2821 1599 2852 ut
1616 2817 1711 2854 dum

946 2872 1135 2905 mutamur
1172 2866 1219 2902 de
1254 2875 1356 2901 anno
1394 2865 1435 2900 in
1465 2874 1628 2909 annum,
1661 2863 1709 2902 de

944 2925 1075 2952 mense
1095 2914 1135 2950 in
1155 2923 1341 2955 mensem,
1362 2912 1409 2948 de
1433 2911 1494 2947 die
1520 2911 1559 2947 in
1589 2911 1708 2957 diem,

944 2973 1023 3000 non
1043 2966 1233 2998 mutemur
1252 2960 1294 2996 in
1314 2964 1363 3004 te,
1379 2959 1445 2996 sed
1465 2959 1623 2996 tirmiter
1645 2958 1710 2996 ad·
