1858 3184
1637 170 1721 213 6⁰0

147 262 290 314 (10666
305 266 405 310 bien
425 265 664 316 davantage
687 274 697 302 ε
722 278 743 299 (ι
762 263 819 303 Le
832 261 896 302 roi
915 260 1114 302 Salomon
1135 257 1279 299 donna
1293 260 1318 298 6
1339 258 1379 298 16
1398 258 1515 300 16166
1534 258 1587 300 66
1607 259 1720 301 Saba

146 337 303 381 toutce
335 331 487 386 qu’elle
504 329 668 378 voulut,
702 333 745 368 et
771 327 988 379 beaucoup
1007 325 1101 379 plus
1133 322 1287 377 qu'elle
1319 334 1372 362 ne
1405 323 1465 363 lui
1497 324 1612 364 avait
1641 336 1717 378 ap-

142 403 281 457 perte.
303 415 323 436 »
346 397 477 446 Ainsi,
499 395 560 436 les
579 394 663 434 1015
684 393 840 445 Meges,
864 394 995 444 ayant
1014 390 1139 431 offert
1156 389 1230 429 des
1264 388 1453 441 presents
1485 388 1720 431 exter-icum

145 471 190 510 et
205 467 437 514 terrestres„
459 461 752 514 rapporterent
772 457 844 498 des
863 457 968 496 dous
988 454 1229 501 1616116615,
1256 453 1427 493 66165165
1446 457 1489 493 61
1518 454 1716 503 61616615,

143 532 203 574 165
221 531 324 571 dons
343 527 577 569 abondants
597 525 648 565 de
667 525 708 564 la
730 524 852 576 grece
870 521 1100 575 spirituelle
1121 525 1162 560 et
1181 519 1254 559 des
1273 521 1415 558 vertus
1446 518 1636 558 celestes.
1660 518 1719 560 115

144 598 244 639 6’66
263 593 524 636 attendaient
542 603 616 643 pas
636 588 834 638 d’autres,
855 599 962 627 ceux
982 586 1054 640 qui
1075 585 1275 626 n'etaient
1295 583 1415 636 point
1444 595 1575 622 venus
1608 583 1714 624 dans

145 661 312 715 l'espoir
329 660 453 699 d'une
471 659 741 708 recompense
762 652 1023 706 temporelle,
1048 651 1090 690 ni
1110 663 1217 704 pour
1250 653 1393 702 capter
1425 648 1464 687 la
1490 649 1615 700 grece
1635 649 1715 689 hu-

146 729 287 770 maine
306 726 357 766 de
376 736 422 764 ce
441 722 505 762 roi
524 734 579 761 ou
600 721 650 760 de
670 731 734 759 ses
753 721 939 772 parents,
962 729 1032 756 car
1064 716 1093 756 il
1127 728 1179 756 66
1213 715 1305 754 leur
1341 714 1445 754 61611
1476 713 1716 754 6611616661

145 791 402 836 convenable
421 786 655 828 d'attendre
675 788 783 825 cette
805 784 927 836 grace
950 781 1049 821 d’un
1071 782 1219 820 661661
1239 792 1293 819 06
1314 779 1440 818 d’une
1476 779 1591 818 mere
1611 790 1715 831 pau-

144 871 234 901 vre.

197 927 240 966 5⁰
261 924 317 964 Sa
334 918 582 973 superior-ite
602 916 732 956 661616
752 914 857 955 «lans
875 913 913 953 le
933 911 1098 952 trouble
1119 911 1169 950 de
1202 922 1265 950 565
1297 908 1489 949 ennemis
1523 908 1597 961 qui
1624 920 1715 948 ma-

145 989 296 1032 nifeste
315 999 361 1027 sa
380 983 543 1036 dignitc
570 981 719 1021 celeste
741 993 751 1020 :
778 994 798 1018 (ι
818 980 870 1019 Le
903 978 966 1018 roi
995 978 1050 1017 du
1082 976 1159 1016 ciel
1194 978 1312 1015 etant
1344 976 1411 1022 66,
1436 974 1474 1013 16
1507 973 1571 1013 101
1590 972 1643 1013 66
1677 974 1719 1013 la

143 1059 254 1097 terre
273 1066 315 1094 se
335 1050 514 1098 trouble,
535 1048 596 1088 dit
615 1046 724 1086 saint
745 1045 961 1094 Gregoire,
985 1055 1107 1095 parce
1129 1053 1211 1094 que
1244 1040 1284 1079 16
1316 1039 1480 1091 (1136116
1516 1041 1716 1079 terrestre

145 1124 208 1163 est
227 1116 479 1162 censendae,
502 1112 643 1166 quand
663 1112 703 1151 la
722 1111 905 1150 hauteur
924 1108 1073 1148 celeste
1094 1119 1136 1146 se
1159 1109 1338 1145 mentre.
1363 1119 1381 1142 υ
1407 1104 1595 1151 Ensuite.
1619 1103 1719 1143 c'est

143 1196 267 1240 parce
287 1194 368 1236 que
388 1193 432 1221 sa
450 1179 663 1232 puissunce
679 1174 903 1228 judiciaire
924 1174 1028 1212 61611
1047 1172 1098 1212 66
1119 1171 1158 1211 16
1179 1174 1288 1210 50116
1309 1170 1524 1222 66513666,
1547 1169 1719 1209 sulvant

144 1252 186 1292 la
204 1248 347 1304 parole
366 1247 417 1287 de
436 1245 545 1285 saint
564 1241 778 1294 Augustin
803 1253 811 1280 :
838 1256 858 1276 «
881 1240 968 1286 Que
988 1250 1081 1278 sera
1112 1236 1150 1276 16
1186 1236 1373 1275 tribunal
1407 1235 1461 1274 du
1479 1235 1599 1286 juge,
1623 1233 1659 1273 si
1677 1233 1718 1274 le

143 1316 321 1357 berceau
350 1314 402 1352 de
434 1310 613 1350 l'ent'aut
644 1306 837 1347 territiait
876 1305 934 1344 les
966 1303 1051 1343 1015
1089 1300 1316 1355 supet-bes?
1339 1316 1358 1336 »
1395 1301 1452 1339 De
1486 1299 1592 1351 plus,
1627 1299 1718 1339 cela

144 1379 358 1433 marquait
377 1378 415 1417 16
435 1374 748 1416 renversement
767 1371 823 1411 du
844 1372 976 1422 regne
997 1369 1051 1408 du
1073 1368 1240 1415 demon,
1264 1378 1335 1405 car
1356 1365 1519 1405 Herode
1541 1376 1583 1404 56
1605 1367 1717 1404 1106·

145 1445 250 1486 blait
270 1444 406 1485 moins
425 1453 477 1482 en
498 1440 558 1480 lui
579 1439 715 1478 meme
736 1447 816 1488 que
838 1436 874 1475 le
906 1435 1059 1474 demon
1081 1433 1184 1471 dans
1204 1431 1383 1472 Herode.
1422 1430 1524 1470 L'un
1546 1433 1587 1469 61
1609 1429 1715 1469 1’66-

146 1515 210 1552 tre
229 1507 440 1550 redoutait
466 1518 523 1545 un
555 1513 806 1550 successeur,
829 1499 994 1540 Herode
1030 1510 1134 1550 pour
1166 1497 1205 1536 la
1238 1496 1416 1548 royaute
1445 1497 1656 1541 terrestre,
1678 1493 1717 1534 16

145 1575 283 1618 diable
302 1585 409 1626 pour
428 1572 469 1611 la
505 1570 681 1622 royaute
711 1565 875 1606 celeste.
910 1563 1050 1612 Enfin,
1075 1561 1365 1601 l'immolatiou
1398 1560 1470 1600 des
1501 1559 1670 1599 6616615
1690 1561 1716 1598 a

144 1653 221 1682 506
241 1638 428 1680 occasion
450 1635 619 1675 devient
636 1643 720 1672 666
740 1641 895 1684 preuve
914 1629 966 1668 de
986 1640 1030 1667 sa
1063 1626 1383 1678 magnificence,
1405 1636 1475 1664 car
1504 1624 1543 1664 le
1575 1623 1717 1664 Christ

143 1705 294 1749 enfant
313 1702 461 1744 envoie
480 1700 551 1740 des
570 1698 735 1739 enfants
755 1709 808 1735 au
828 1694 921 1743 ciel,
943 1694 973 1733 il
1004 1693 1108 1732 offre
1137 1693 1187 1731 de
1219 1689 1434 1730 nouvelles
1466 1693 1662 1729 61166665
1694 1689 1719 1728 a

145 1783 221 1812 506
257 1770 372 1823 pere,
405 1767 434 1806 il
472 1765 532 1805 lui
563 1765 756 1816 presente
783 1762 842 1800 les
877 1758 1080 1811 premices
1125 1756 1196 1796 des
1242 1755 1363 1794 fruits
1408 1754 1459 1793 de
1504 1752 1545 1792 la
1588 1756 1715 1793 terre.

145 1830 308 1877 Herode
329 1831 513 1889 n'aurait
530 1841 604 1882 pas
635 1840 690 1880 pu
717 1827 809 1866 leur
841 1826 928 1864 6116
949 1823 1062 1863 66551
1093 1821 1197 1861 61116
1231 1832 1306 1872 par
1339 1819 1391 1859 de
1421 1818 1527 1857 bons
1558 1817 1715 1859 offices.

689 174 791 215 ms
819 182 872 213 nu
898 170 1171 212 1361666166.

146 1943 1717 1970 ———-———-——-———-————-—·

951 2040 1038 2072 nato
1065 2035 1142 2071 Rex
1182 2039 1290 2070 tcrrae
1330 2032 1499 2069 turbatus
1537 2034 1605 2072 est,
1629 2021 1718 2077 quia

144 2048 342 2097 pretiosas.
375 2045 446 2081 Sed
470 2043 579 2090 plura
611 2041 721 2087 longe
755 2038 911 2084 largitus

953 2083 1132 2119 nimirum
1155 2086 1302 2118 terrena
1334 2080 1491 2116 altitudo
1512 2077 1718 2115 confundi-

145 2100 203 2133 est
228 2094 420 2135 Salomon,
441 2092 487 2127 de
512 2101 586 2137 quo
606 2089 743 2124 dicitur
767 2098 774 2123 :
797 2099 811 2117 κ
836 2086 910 2121 Rex

147 2143 326 2180 Salomon
346 2140 449 2177 dedit
469 2139 620 2184 Reginae
644 2135 754 2179 Saba,
776 2138 911 2171 cuncta

148 2201 233 2238 quae
258 2189 401 2231 voluit;
434 2191 469 2223 61
507 2185 625 2222 166110
659 2183 765 2229 plura
800 2191 912 2228 quam

147 2237 321 2275 attulerat
351 2236 397 2272 ad
436 2244 536 2270 eum.
563 2248 576 2265 »
611 2231 671 2267 Sic
704 2240 808 2275 reges
853 2228 913 2264 isti

147 2285 332 2323 exteriora
353 2288 386 2320 61
407 2286 554 2318 terrena
572 2278 771 2316 offerentes
789 2293 798 2319 ς
820 2276 914 2312 1616-

953 2136 1024 2174 tur,
1041 2141 1127 2167 cum
1166 2128 1350 2165 celsitudo
1388 2126 1551 2164 coelestis
1588 2125 1717 2171 aperi-

953 2183 1026 2222 tur,
1069 2193 1082 2209 »
1126 2178 1248 2223 inquit
1292 2176 1451 2212 Sanctus
1500 2173 1715 2217 Gregorius.

954 2225 1108 2271 Deinde,
1130 2225 1218 2270 quia
1250 2233 1315 2269 per
1348 2223 1384 2259 id
1410 2221 1610 2268 judiciaria
1636 2220 1718 2266 eJ'us

953 2277 1116 2320 potestas
1135 2269 1417 2317 designabatur,
1431 2269 1583 2307 dicente
1602 2268 1718 2304 Sanc-

147 2334 262 2376 riom,
300 2330 478 2374 coelestia,
502 2333 538 2365 et
575 2332 715 2364 aeterna
757 2334 914 2360 munera

147 2380 371 2422 retulerunt,
422 2376 574 2423 copiosa
630 2373 774 2410 scilicet
815 2371 914 2407 dona

149 2427 277 2475 gratiae
296 2424 514 2473 spiritualis,
536 2428 571 2459 et
594 2422 771 2458 virtutum
786 2418 913 2455 665165-

148 2475 255 2512 tium.
281 2474 413 2520 Utique
442 2482 512 2508 nec
543 2470 617 2507 alia
650 2466 912 2514 expectabant,

149 2522 213 2569 qui
252 2531 331 2558 non
367 2522 603 2557 accesserant
641 2526 706 2562 spe
752 2513 914 2559 alicujus

147 2569 297 2617 praemii
333 2566 564 2614 temporalis.
592 2574 663 2600 uec
711 2566 750 2598 ut
784 2562 914 2597 huma-

147 2627 240 2655 nam
259 2616 417 2662 gratiam
436 2614 545 2661 Regis
566 2612 677 2658 hujus
698 2609 754 2646 vel
775 2619 913 2655 paren-

148 2669 232 2701 tum
264 2664 345 2710 ejus
382 2665 684 2708 aucuparentur;
718 2657 805 2703 quia
843 2665 913 2692 nec

148 2711 309 2759 gratiam
330 2710 429 2746 hanc
447 2708 494 2745 ab
513 2708 672 2749 1616616,
691 2704 750 2740 vel
769 2715 791 2740 a
818 2713 914 2750 pau-

149 2769 239 2806 pere
270 2762 404 2802 matre,
434 2765 642 2803 congruum
674 2757 752 2789 erat
783 2761 915 2798 expec-

149 2810 242 2843 tare.

199 2852 355 2897 Quinto,
375 2851 488 2888 etiam
519 2859 599 2896 ejus
631 2844 915 2895 magnificentia

147 2900 324 2948 patescit,
343 2909 390 2936 ex
421 2896 632 2934 turbatione
669 2894 915 2933 inimicorum

150 2957 307 2985 suorum
324 2963 334 2991 3
354 2956 444 2983 nam
464 2954 531 2991 per
551 2944 622 2982 hoc
647 2942 804 2991 patescit
833 2951 913 2977 coe-

146 2994 258 3033 lestis
294 2994 376 3041 ejus
413 2992 577 3040 dignitas
603 3002 612 3028 :
638 3004 653 3023 α
687 2990 780 3028 Coeli
817 2989 915 3035 Rege

953 2326 988 2358 to
1016 2320 1226 2367 Augustino
1250 2330 1257 2355 ;
1287 2332 1300 2349 «
1324 2318 1420 2362 Quid
1452 2317 1522 2353 erit
1550 2314 1718 2352 tribunal

949 2367 1215 2414 judicantis,si
1249 2365 1430 2412 superbos
1468 2364 1585 2410 Reges
1617 2372 1718 2399 cuna

953 2415 1112 2452 terrebat
1150 2414 1338 2451 infantis?
1376 2411 1538 2450 Ulterius
1574 2420 1641 2457 pcr
1676 2409 1716 2446 id

951 2462 1217 2510 designabatur
1247 2461 1384 2498 deletio
1410 2460 1515 2506 regni
1559 2456 1716 2504 diaboli,

951 2512 1040 2557 quia
1060 2522 1138 2547 non
1158 2514 1304 2546 tantum
1327 2507 1490 2544 llerodes
1519 2506 1559 2541 in
1593 2505 1719 2552 seipso

953 2558 1144 2602 turbatur,
1201 2560 1384 2603 quantum
1439 2552 1614 2590 diabolus
1675 2552 1719 2590 in

954 2606 1098 2642 Herode
1121 2616 1129 2642 :
1152 2609 1306 2651 uterque
1326 2601 1431 2647 regni
1458 2609 1716 2637 successorem

953 2653 1122 2697 timebat,
1161 2651 1226 2688 sed
1278 2650 1442 2686 Herodes
1488 2652 1718 2691 terrestrem,

952 2700 1126 2738 diabolus
1159 2699 1363 2736 coelestem.
1403 2697 1584 2742 Denique,
1617 2694 1718 2742 quod

954 2753 1104 2795 propter
1141 2757 1228 2783 cum
1278 2745 1443 2781 infantes
1474 2743 1717 2788 occiduntur,

953 2796 1066 2832 etiam
1087 2796 1127 2831 in
1146 2791 1439 2840 magnificentiae
1459 2791 1540 2837 ejus
1554 2789 1720 2827 testimo-

953 2844 1061 2879 nium
1098 2841 1221 2882 cedit;
1259 2850 1349 2877 nam
1392 2840 1507 2876 mittit
1554 2837 1720 2875 infantes

954 2890 1079 2927 infans
1117 2888 1286 2925 Christus
1335 2887 1382 2924 ad
1428 2886 1584 2929 omium,
1621 2894 1719 2922 nova

953 2938 1066 2974 xenia
1087 2936 1201 2983 Patri,
1221 2935 1407 2982 primitias
1427 2934 1621 2970 fructuum
1640 2936 1718 2969 ter-

955 2997 1005 3023 rae
1025 2984 1178 3023 exhibet
1197 2982 1380 3021 Genitori.
1394 2981 1473 3020 Nec
1492 2981 1546 3018 eis
1570 2983 1718 3018 tantum
