1858 3184
794 183 911 214 116111..
1559 174 1640 216 499

70 262 162 304 &tre
202 263 467 316 languissent
497 275 551 304 ou
580 260 725 311 faible,
759 260 791 301 il
828 261 918 302 doit
945 260 1080 302 briser
1114 260 1345 302 fortement
1374 264 1416 301 et
1445 261 1640 316 (16665561

68 331 209 370 tontes
227 328 288 371 les
306 328 531 380 occasions,
551 330 646 368 tous
664 326 725 367 les
743 326 851 367 11665
870 326 944 379 qui
963 326 1147 367 61161661
1163 330 1284 367 votre
1310 339 1457 368 course
1476 327 1641 370 (166516

67 394 164 435 voie
182 394 374 436 ‹ie-Dien.
394 393 511 436 Celui
531 393 604 446 qni
623 397 685 433 est
703 391 972 444 languissent
990 391 1097 432 dans
1122 390 1165 431 16
1194 391 1420 432 recherche
1451 392 1503 432 de
1534 394 1642 435 Dieu

69 462 136 500 est
153 459 386 501 condamne
403 469 479 512 par
497 457 539 498 la
557 457 767 511 diligenee
786 457 838 497 de
859 469 926 497 ees
947 458 1142 497 Pastenrs
1164 456 1381 510 grossiers.
1403 458 1515 497 Nons
1532 460 1639 510 pou-

72 535 178 566 vons
196 525 334 566 meme
353 524 442 565 dire
461 523 515 564 ici
534 535 579 564 ce
599 535 680 576 que
713 523 838 563 (115611
863 522 1035 562 61116615
1056 522 1096 562 16
1116 522 1228 574 Sage
1251 534 1260 561 :
1286 538 1306 559 «
1325 523 1382 563 Le
1415 534 1643 575 paresseux

71 588 294 643 6511661116
311 599 411 630 avec
429 588 483 629 de
500 587 543 628 16
560 587 688 629 flente
707 588 758 629 de
778 587 942 636 boeufs3
964 592 1060 627 tous
1091 599 1201 628 ceux
1225 587 1298 641 qui
1317 588 1356 628 le
1376 588 1582 630 touchent
1599 601 1644 630 56

72 654 261 696 laverunt
277 654 337 695 les
354 653 506 694 mains.
527 652 677 707 (Ec-eli.
708 663 810 703 xxu,
832 653 931 707 2.)1›
974 653 1029 694 Ce
1067 653 1142 706 qui
1174 653 1374 706 equivaut
1406 655 1432 694 6
1459 654 1549 695 (1116
1573 666 1583 694 ;
1607 655 1644 696 11

74 720 224 761 merite
243 712 381 760 d'etre'
393 719 534 772 lapide
554 722 597 759 et
615 719 766 759 5661116
789 730 890 759 avec
909 717 961 759 de
981 718 1022 758 la
1040 717 1168 758 fiente
1186 718 1238 758 de
1268 718 1399 768 boeuf,
1421 719 1551 761 d’etre
1571 719 1645 760 (16-

73 786 178 826 16516
199 796 278 838 661
293 782 388 824 tout
408 784 447 824 le
467 785 635 835 monde,
656 795 865 838 personne
885 795 939 824 ne
957 784 1132 824 voulant
1146 783 1184 824 le
1205 784 1380 824 toucher
1398 796 1521 838 parce
1541 784 1645 838 qn'il

71 852 137 890 est
155 848 240 891 sale
259 853 301 890 et
319 849 485 890 5661116.

127 916 205 955 Les
223 914 427 954 animaux
445 914 518 967 qui
538 914 716 954 adorent
734 914 756 954 J
761 913 1011 954 esus-Christ
1023 913 1127 954 (1665
1140 926 1186 953 56
1199 914 1346 954 6166116
1361 914 1647 957 condemnent

74 979 135 1020 les
150 979 355 1033 6661161115
374 979 572 1029 6115111165,
595 979 668 1032 qui
688 979 911 1030 negligent
930 979 983 1019 de
1004 979 1205 1020 chereher
1223 984 1266 1019 et
1285 980 1480 1020 d’adorer
1506 981 1647 1022 ,165115-

74 1043 227 1086 Ghrist.
247 1046 307 1086 La
325 1045 454 1085 flente
473 1045 610 1085 166166
630 1045 681 1085 (16
701 1056 768 1085 665
787 1045 992 1084 animaux
1012 1049 1073 1084 est
1093 1056 1256 1085 comme
1275 1057 1360 1085 666
1392 1045 1647 1086 condamna-

72 1109 166 1150 tion
184 1122 293 1164 pour
323 1122 420 1151 eux.
454 1110 544 1151 Elle
576 1110 637 1150 les
669 1110 823 1163 lapide,
844 1109 905 1150 les
936 1109 1085 1150 souille
1118 1113 1159 1149 et
1191 1107 1357 1150 mentre
1387 1111 1578 1151 combien
1598 1110 1650 1151 ils

75 1175 249 1215 doivent
267 1175 354 1216 6116
374 1175 553 1216 (16165165
573 1175 625 1215 (16
645 1178 737 1215 1661
758 1175 798 1215 16
819 1175 988 1215 monde.

129 1242 364 1290 Done‚10us
383 1253 488 1289 ceux
508 1241 581 1293 qui
600 1240 705 1281 l'ont
724 1241 831 1280 suivi
852 1253 959 1280 nous
978 1239 1232 1292 enseignent
1245 1241 1347 1294 qu'il
1368 1241 1460 1281 faut
1478 1243 1650 1283 secon'er

74 1308 194 1346 toute
211 1308 386 1359 torpeur
403 1308 447 1346 et
465 1305 609 1346 laisser
628 1308 722 1345 tout
741 1317 787 1345 ee
809 1306 880 1357 qui
901 1305 1067 1345 retarde
1086 1305 1126 1345 16
1158 1305 1325 1346 chemin
1356 1307 1608 1348 eonduisant
1625 1309 1651 1348 6

76 1370 367 1412 usus-christ.
391 1370 509 1411 Ainsi
539 1371 680 1410 Pieri-e
712 1370 834 1410 161556
866 1382 912 1409 56
943 1370 1104 1423 bai-que
1137 1373 1179 1410 et
1211 1383 1273 1411 ses
1299 1371 1423 1421 filets,
1446 1372 1651 1413 Matthien

77 1448 154 1476 son
173 1436 393 1488 eomptoir‚
414 1436 518 1476 Paul
539 1435 598 1475 les
616 1435 760 1475 lettres
780 1435 851 1474 des
869 1436 1044 1487 6161165,
1068 1435 1107 1474 16
1138 1436 1275 1486 jeune
1307 1437 1479 1477 homme
1500 1437 1603 1477 dont
1621 1438 1653 1478 il

75 1505 140 1542 est
158 1501 275 1554 66116
294 1501 398 1542 dens
416 1501 456 1541 le
475 1501 579 1541 recit
597 1501 648 1540 de
668 1500 708 1540 16
730 1500 900 1539 passion
914 1512 991 1540 son
1006 1503 1224 1549 manteau,
1245 1513 1353 1553 pour
1371 1502 1410 1542 16
1430 1502 1583 1543 suivre.
1605 1503 1652 1544 Si

76 1565 163 1606 l'on
182 1565 301 1618 parle
319 1566 391 1606 des
410 1566 601 1615 femmes,
625 1564 890 1616 Magdeleine
910 1564 1032 1605 laisse
1053 1565 1090 1604 16
1111 1565 1206 1605 sard
1227 1571 1269 1606 et
1294 1566 1353 1607 les
1384 1568 1586 1620 partums,
1608 1568 1652 1609 la

77 1630 359 1671 Samaritaine
379 1643 423 1670 sa
442 1630 594 1670 cruche
615 1634 657 1670 et
675 1630 716 1670 16
737 1630 861 1670 corde
881 1629 937 1669 du
958 1642 1058 1670 5666
1075 1632 1173 1683 pres
1188 1631 1244 1671 du
1257 1632 1460 1685 66115,165
1475 1633 1652 1675 femmes

77 1694 130 1736 de
150 1695 305 1743 Galilee
318 1696 411 1736 leur
427 1708 580 1748 propre
599 1695 774 1744 famille,
797 1708 904 1748 pour
925 1696 963 1736 le
983 1696 1137 1736 suivre.
1155 1697 1285 1748 Ainsi,
1301 1698 1438 1750 parmi
1453 1709 1563 1739 ceux
1577 1699 1653 1751 qui

77 1761 119 1801 le
136 1761 340 1802 suivirent
359 1763 385 1802 6
402 1761 799 1814 Β611116616,.1656611
819 1761 942 1801 161556
961 1773 1038 1802 566
1058 1762 1255 1802 domicile
1275 1762 1326 1802 de
1345 1764 1569 1814 Nazareth,
1591 1764 1651 1804 165

78 1826 181 1866 Rois
197 1825 291 1866 leur
308 1826 475 1879 666616,
495 1826 557 1866 165
575 1826 750 1878 bergers
769 1826 861 1866 leur
880 1830 1107 1879 troupeau,
1127 1827 1188 1867 les
1207 1831 1350 1880 Auges
1372 1827 1411 1868 le
1430 1828 1523 1879 ciel,
1544 1840 1652 1882 pour

81 1890 202 1930 venir
219 1903 273 1931 en
291 1893 409 1931 toute
428 1891 527 1931 11616
547 1891 744 1931 1’6(161·61.

80 2045 218 2093 guidus
244 2049 308 2081 aut
335 2044 537 2088 infirmus3
570 2055 704 2082 omncs
734 2055 846 2082 ocea-

82 2093 223 2138 siones,
245 2103 379 2129 omnes
397 2093 599 2138 compedes
625 2103 778 2129 cursum
807 2093 847 2128 16

82 2140 143 2177 via
174 2140 238 2176 Dei
278 2139 528 2186 impedientes
560 2140 701 2176 sortiter
738 2140 847 2176 debet

83 2187 318 2235 disrumpere
337 2193 372 2224 et
400 2187 600 2224 transilire.
628 2188 698 2232 Qui
728 2188 845 2234 torpi-

81 2235 153 2272 dus
185 2240 241 2272 est
277 2235 324 2271 ad
362 2235 552 2272 Christum
585 2236 847 2282 quaerendum,

84 2283 358 2320 condemnatur
385 2283 583 2330 diligentia
614 2283 750 2320 horum
782 2294 849 2320 ru-

84 2329 189 2367 dium
215 2330 422 2367 Pastorum.
464 2331 586 2367 lmmo
623 2331 749 2367 dicere
788 2331 849 2367 hie

83 2386 287 2424 possumus
303 2378 404 2424 qnod
424 2378 516 2414 alibi
543 2379 700 2424 Sapiens
723 2389 731 2414 :
759 2394 772 2411 α
798 2379 850 2415 De

87 2427 249 2463 stercore
277 2424 392 2463 boum
431 2426 618 2472 lapidatus
643 2431 697 2462 est
728 2426 848 2472 piger,

86 2474 124 2508 et
141 2472 267 2509 omnis
284 2473 348 2520 qui
382 2473 542 2520 tetigerit
565 2484 666 2518 eum,
688 2474 850 2510 excutiet

85 2528 224 2556 616665
244 2530 253 2555 ;
276 2533 290 2552 ι
330 2519 418 2558 hoc·
438 2525 508 2566 est,
528 2521 667 2568 dignus
705 2525 760 2557 est
786 2522 849 2568 qui

86 2565 204 2603 houm
230 2570 393 2604 stercore
418 2568 621 2615 impetatur
642 2580 651 2606 :
673 2573 708 2605 et
737 2579 851 2605 cons·

85 2617 277 2661 puroetur‚
300 2617 336 2650 et
369 2624 480 2661 quem
500 2627 634 2653 omnes
659 2617 849 2654 detesten-

85 2664 164 2706 tur,
195 2670 267 2697 666
303 2661 484 2710 attingere
516 2664 634 2701 velint
671 2669 851 2711 tanquam

70 2707 324 2745 ·maculatum
350 2712 387 2745 61
415 2719 605 2757 spurcum.
646 2713 751 2748 Certe
772 2712 852 2759 ipsa

91 2754 270 2792 animalia
298 2755 487 2794 Christum
503 2757 544 2795 in
562 2760 745 2806 praesepio
765 2760 851 2796 ado-

88 2802 215 2839 rantia
234 2803 489 2841 condemnant
510 2815 643 2844 omnes
665 2807 852 2844 haerentes

90 2849 135 2886 in
170 2850 349 2896 peccatis,
382 2850 572 2890 Christum
609 2865 775 2902 quaerere
816 2859 852 2891 et

91 2896 248 2933 adorare
289 2897 522 2945 negligentes
543 2916 554 2946 ;
609 2907 645 2938 et
689 2907 853 2940 stercora

92 2943 230 2981 horum
246 2944 471 2982 animalium
487 2948 648 2993 quodam
659 2950 773 2987 modo
789 2960 853 2987 eos

91 2991 350 3031 condemnant
369 3003 379 3030 τ
400 3003 463 3031 665
483 2993 650 3041 lapidant
678 3001 714 3034 et
738 3007 852 3036 eons-

886 2050 1059 2092 purcant,
1082 2051 1117 2082 et
1137 2046 1183 2082 ab
1204 2047 1382 2084 omnibus
1412 2049 1652 2086 detestandos

886 2093 1105 2130 ostendunt.
1127 2094 1401 2132 Excutiendam
1422 2097 1547 2142 itaque
1566 2107 1653 2134 om-

887 2151 975 2177 nem
996 2142 1221 2188 socordiam,
1242 2147 1277 2178 et
1298 2143 1548 2189 relinquenda
1565 2155 1651 2181 om-

887 2189 950 2225 nia
981 2189 1209 2225 retardantia
1241 2190 1311 2226 iter
1348 2193 1396 2226 ad
1445 2191 1652 2239 Christum,

887 2237 1021 2273 docent
1044 2247 1176 2273 omncs
1210 2238 1274 2284 qui
1312 2248 1400 2275 eum
1438 2240 1557 2276 secuti
1595 2240 1653 2277 le-

887 2289 1039 2330 guntur.

934 2332 994 2368 Sic
1015 2332 1144 2369 Petrus
1164 2332 1342 2379 relinquit
1367 2343 1503 2370 navem
1524 2339 1560 2371 et
1592 2345 1655 2372 re-

888 2380 952 2425 tia,
968 2379 1165 2416 Matthaeus
1185 2380 1386 2426 telonium,
1402 2381 1538 2418 Paulus
1552 2383 1655 2430 epis-

888 2428 982 2464 tolas
1013 2428 1264 2472 sacerdotum,
1303 2428 1530 2466 Adolescens
1548 2430 1655 2477 -qui-

888 2475 976 2512 (1616
1014 2475 1055 2512 16
1077 2475 1254 2512 passione
1286 2476 1512 2522 syndonem,
1532 2481 1573 2514 ut
1592 2489 1654 2515 56-

889 2528 1094 2569 querentur
1131 2534 1231 2560 eum.
1267 2523 1306 2559 Si
1344 2523 1389 2559 (16
1431 2525 1656 2563 mulieribus

888 2571 1025 2618 agitur,
1057 2570 1279 2617 Magdalena
1312 2570 1443 2607 fucum
1475 2572 1656 2620 relinquit

889 2622 924 2654 61
943 2618 1151 2665 pigmenta,
1171 2618 1405 2654 Samaritana
1425 2619 1599 2665 hydriam
1619 2625 1656 2658 et

891 2665 1021 2702 funem
1071 2666 1171 2712 apud
1215 2666 1373 2710 fontem,
1411 2667 1591 2705 mulieres
1634 2679 1659 2704 a

890 2713 1044 2749 Galilaea
1081 2724 1168 2749 eum
1200 2717 1353 2750 secutae·
1374 2715 1565 2761 propriam
1596 2715 1655 2752 fa-

890 2760 1050 2797 miliam.
1074 2761 1135 2796 Sic
1166 2765 1201 2796 et
1222 2761 1320 2796 inter
1340 2770 1402 2797 eos
1435 2762 1499 2808 qui
1538 2763 1658 2800 secuti

890 2818 977 2845 eum
997 2809 1142 2844 suntin
1163 2807 1368 2854 Bethleem,
1382 2809 1522 2856 Joseph
1542 2811 1656 2848 relin-

891 2856 971 2902 quit
990 2854 1102 2891 suum
1134 2855 1176 2891 in
1197 2854 1381 2892 Nazareth
1401 2857 1656 2904 domicilium,

891 2903 1008 2948 Reges
1037 2912 1149 2938 suum
1186 2902 1385 2949 populum,
1407 2904 1577 2942 Pastores
1615 2905 1659 2943 hi

892 2960 1003 2986 suum
1021 2959 1186 2996 gregem,
1201 2950 1319 2988 immo
1336 2955 1371 2988 et
1384 2951 1518 2999 Angeli
1531 2953 1657 3000 ipsum

872 2997 1047 3047 ι6661616,
1086 3001 1127 3034 ut
1157 2998 1311 3035 veniant
1353 2999 1575 3039 festinantes
1620 3007 1659 3040 ct
