1858 3184
211 144 296 183 388
635 151 682 180 uz
711 150 916 180 numnam
941 149 1016 178 885
1045 140 1361 178 ruentes-renas.

270 231 336 270 En
355 229 589 279 attendant,
611 229 749 270 tendis
767 241 850 281 que
872 239 979 267 nous
1007 221 1296 279 contempleris
1313 226 1420 267 Jeen
1436 225 1582 279 afflige
1601 226 1780 269 dunstles

216 296 303 336 fers
333 299 376 335 et
405 295 510 334 dans
536 294 596 334 185
626 294 806 346 prisons,
828 291 992 332 Herode
1022 295 1210 344 nageant
1241 292 1346 331 dans
1376 291 1436 331 les
1468 291 1620 332 (1811885
1640 295 1693 332 ‘et
1721 292 1782 333 les

192 350 406 412 pompm,
427 358 660 399 Herodiade
692 369 735 397 se
754 359 952 397 vautrant
971 356 1074 396 (1885
1097 356 1138 397 18
1167 356 1312 409 plaisir
1341 358 1384 396 81
1414 359 1571 408 voyant
1597 359 1692 397 tout
1721 356 1784 398 lui

215 425 372 468 8885511·
390 426 416 464 a
433 437 508 464 son
530 425 620 475 gre,
642 435 696 462 88
717 434 1037 474 pouvons-nous
1055 433 1131 474 pas
1161 434 1268 462 nous
1298 420 1490 473 plaindre
1505 421 1738 473 justement
1756 423 1784 463 ὁ,

217 490 323 531 Dieu
342 502 442 530 avec
459 489 500 529 le
519 488 744 540 Prophete,
767 487 906 527 disant
928 500 939 527 :
958 502 978 524 «
1000 486 1224 538 seigneur,
1246 486 1282 526 si
1302 486 1343 537 je
1361 485 1525 538 dispute
1544 498 1645 527 avec
1662 499 1781 539 vous,

214 566 264 596 ce
282 555 385 595 n'est
404 566 477 606 pas
496 565 577 605 que
593 553 637 604 Je
656 565 710 593 ne
729 552 852 592 sache
872 563 954 604 que
972 564 1076 592 vous
1097 552 1184 592 8185
1210 552 1338 603 juste.
1359 552 1696 592 Permettez-moi
1715 564 1784 594 ce-

182 645 192 658 .
215 620 403 672 pendant
421 620 473 659 de
491 630 595 658 vous
619 617 724 657 faire
744 629 810 657 885
837 618 968 668 justes
995 616 1174 669 plaintes
1195 629 1206 655 :
1229 612 1445 668 Pourquoi
1474 616 1535 656 les
1564 617 1784 659 mechants

216 684 508 725 marchent-ils
527 695 627 723 avec
652 686 746 722 1881
777 682 829 722 (18
860 682 1090 734 prosperite
1122 681 1227 721 dans
1257 681 1369 721 leurs
1402 681 1546 721 voies‘?
1576 675 1785 734 pom-quoi

215 754 311 790 tous
329 761 435 789 ceux
453 748 528 800 qui
546 746 705 787 violent
728 750 847 787 votre
865 746 923 786 181
940 750 983 787 81
1001 746 1074 798 qui
1093 746 1278 798 egissent
1306 745 1582 797 injustement
1612 746 1784 787 sont-ils

216 813 439 855 heureux?
462 813 656 867 (Jere'mze,
677 823 751 862 ΧΠ,
772 813 832 865 1.)
847 827 866 850 υ
891 813 943 852 Et
970 823 1139 860 encore,
1167 823 1268 851 avec
1297 823 1356 851 88
1389 814 1510 851 autre
1541 811 1782 864 Prophetes:

219 894 240 918 ι(
261 878 474 931 Pourquoi
493 879 831 919 demeurez-vous
852 878 956 917 dans
974 877 1014 917 le
1033 876 1199 925 silence,
1222 876 1411 928 pendant
1430 888 1512 928 que
1531 876 1691 929 l’impie
1710 877 1784 918 (18.-

215 955 315 984 vore
334 955 441 984 ceux
459 943 532 995 qui
551 945 648 982 sont
666 941 762 994 plus
777 941 910 992 justes
924 953 1006 994 que
1024 940 1115 981 lui?
1135 942 1245 981 Leur
1259 941 1486 992 jugement
1505 953 1530 981 8
1547 940 1724 993 prevalu
1744 943 1788 981 et

213 1008 256 1049 18
274 1007 579 1048 contradiction
605 1011 668 1047 est
698 1007 792 1059 plus
823 1006 1066 1058 puissante?
1084 1005 1307 1058 (Habaeuc.
1328 1005 1392 1059 11.)
1413 1005 1532 1047 Voici
1561 1018 1642 1058 que
1671 1006 1789 1050 l'ami

213 1074 266 1114 de
285 1074 479 1126 l'Epoux,
501 1073 540 1113 18
559 1073 710 1112 maitre
730 1072 780 1111 de
799 1071 842 1112 18
859 1071 940 1121 vie,
962 1072 1003 1112 18
1019 1074 1241 1125 prototypo
1263 1071 1315 1112 de
1333 1071 1375 1111 18
1393 1071 1587 1122 58181818,
1607 1071 1649 1111 18
1667 1071 1786 1124 regie

213 1138 265 1178 de
282 1138 324 1178 18
338 1137 504 1190 justice,
526 1136 812 1189 l’exemplaire
832 1137 884 1176 de
902 1137 945 1176 18
962 1136 1177 1188 virginit-e,
1198 1137 1237 1177 18
1265 1136 1413 1176 miroir
1433 1137 1484 1176 de
1504 1139 1621 1177 18818
1641 1141 1784 1187 vertu,

212 1202 255 1242 18
273 1206 500 1254 trompette
519 1203 574 1243 du
594 1201 686 1251 ciel,
708 1201 749 1241 18
778 1201 876 1241 voix
904 1202 959 1241 du
979 1202 1130 1252 verbe,
1151 1202 1191 1242 18
1222 1203 1472 1254 precurseur
1491 1202 1548 1241 du
1567 1202 1722 1253 Christ,
1743 1202 1784 1243 le

213 1267 309 1320 plus
328 1268 484 1319 parfait
501 1266 662 1307 d'entre
680 1267 740 1307 les
760 1267 930 1309 enfants
951 1267 1023 1307 des
1040 1267 1249 1316 hommes,
1270 1270 1333 1307 est
1346 1267 1436 1318 ιῙ818
1454 1279 1508 1307 en
1526 1267 1685 1319 prison,
1706 1279 1784 1307 en-

213 1333 380 1382 chaine,
414 1333 537 1372 118118
573 1332 1018 1383 ignominieusement,
1052 1337 1094 1372 et
1124 1332 1213 1372 cela
1243 1344 1319 1384 par
1349 1344 1407 1372 un
1437 1332 1609 1373 homme
1639 1333 1785 1385 impie,

212 1398 419 1448 adultere,
441 1399 701 1446 incestueux,
724 1409 831 1449 pour
861 1397 1069 1438 satisfaire
1087 1397 1149 1438 les
1168 1409 1294 1437 voeux
1318 1397 1441 1438 d'une
1473 1397 1630 1438 femme
1649 1398 1787 1450 impu·

212 1463 355 1514 dique.
376 1462 629 1504 Convient-il
649 1475 730 1516 que
759 1464 798 1502 18
832 1463 919 1503 vice
953 1463 1163 1515 triomphe
1195 1463 1306 1503 ainsi
1335 1462 1388 1503 de
1417 1462 1460 1503 18
1492 1464 1631 1514 vertu,
1653 1463 1694 1503 18
1713 1475 1786 1504 vo-

211 1529 327 1581 lupte
346 1528 398 1568 de
428 1528 470 1567 18
500 1528 703 1577 christete,
725 1526 964 1580 l'impurete
996 1527 1046 1568 de
1078 1528 1350 1576 Pinnocence,
1372 1527 1715 1581 l’intemperance
1733 1528 1786 1570 de

212 1593 254 1634 18
285 1593 477 1643 58811818,
500 1593 699 1632 l’homme
730 1592 859 1644 impie
879 1595 922 1633 et
939 1592 982 1632 18
1007 1592 1163 1634 femme
1194 1593 1416 1633 1888118818
1449 1593 1500 1634 (18
1530 1594 1573 1633 18
1603 1592 1786 1633 sublime

211 1658 324 1711 piete
343 1658 444 1698 d'un
464 1670 578 1709 enge
597 1658 820 1698 terrestre?

267 1725 425 1774 certes,
447 1723 483 1762 si
501 1735 607 1762 nous
637 1722 903 1763 considemus
937 1722 1332 1775 superficiellement
1365 1723 1465 1763 d'un
1498 1722 1570 1763 8811
1603 1722 1783 1764 11818818

213 1800 279 1829 885
300 1789 458 1839 choses,
480 1788 522 1827 18
539 1786 680 1828 divine
700 1787 957 1829 Providence
982 1791 1024 1828 et
1055 1788 1096 1828 18
1123 1788 1275 1839 justice
1306 1787 1357 1828 de
1389 1787 1495 1828 Dieu
1525 1788 1784 1829 sembleront

213 1853 397 1898 (181811111-
424 1853 494 1903 181,
516 1853 657 1905 quand
686 1852 844 1906 l’impie
874 1855 1051 1906 prevent
1082 1865 1152 1893 sur
1182 1853 1221 1893 le
1249 1853 1377 1905 juste,
1399 1853 1442 1893 la
1473 1855 1646 1894 8188818
1678 1852 1782 1895 (1’1111

209 1918 315 1970 juge
334 1929 503 1971 pervers
533 1920 678 1958 contre
703 1917 958 1959 l'innocence
979 1918 1036 1958 (18
1054 1918 1206 1958 1181881
1225 1919 1339 1958 58818
1356 1918 1366 1957 1
1389 1917 1492 1959 Mais
1511 1917 1561 1970 si,
1581 1920 1779 1959 montant

263 2055 417 2091 Interim
438 2055 528 2090 dum
547 2055 733 2091 Joannem
754 2054 794 2090 in
815 2053 979 2090 vinculis

213 2107 249 2140 et
276 2113 426 2140 carcerc
446 2102 750 2148 contemplamur
780 2102 977 2144 afflictum,

212 2150 399 2189 Herodem
420 2161 505 2186 vere
527 2150 567 2185 in
590 2159 755 2196 purpura
775 2154 811 2186 et
830 2149 979 2186 deliciis

211 2203 400 2251 egentem,
442 2197 689 2234 iicrodiadein
724 2196 978 2243 voluptatibus

212 2246 463 2286 diffluentem.
485 2244 622 2290 quibus
654 2245 783 2281 omnia
815 2255 860 2281 ex
893 2248 978 2281 voto

213 2293 447 2334 succedunt3
493 2292 679 2338 numquid
718 2292 852 2328 merito
890 2302 978 2329 cum

213 2340 399 2386 Propheta
432 2340 614 2385 conqueri
647 2349 847 2385 possumus
879 2340 977 2386 apud

212 2389 399 2430 Dcum,ct
419 2387 574 2423 dicere:
605 2399 618 2418 α
654 2387 782 2423 sus-tus
815 2398 869 2430 es,
903 2387 977 2424 Do-

212 2436 331 2479 mine,
354 2435 383 2471 si
409 2434 599 2481 disputem
633 2438 773 2478 tecum,
797 2439 977 2471 verumta-

212 2482 419 2528 menjusta
448 2482 577 2527 loquar
606 2481 652 2517 ad
687 2486 732 2517 tc.
769 2485 891 2524 Quare
919 2482 976 2518 via

210 2531 413 2585 impiorum
438 2528 814 2584 prosperatur..bene
841 2533 897 2565 est
918 2529 976 2566 his

239 2589 275 2615 111
298 2581 642 2624 praevaricantur,et
658 2586 785 2622 nuque
804 2579 971 2621 (1111111ιὲ»

210 2589 254 2663 gt
291 2626 428 2662 iterum
467 2635 555 2662 cum
594 2623 712 2661 altero
758 2623 971 2670 Propheta:

214 2689 228 2705 u
256 2676 378 2716 Quare
418 2678 532 2717 taces,
571 2671 821 2710 conculcante
859 2671 975 2717 impie

208 2720 404 2767 J‘ustierem
444 2731 498 2762 se,
539 2724 574 2754 et
612 2719 751 2755 sancium
790 2722 844 2754 est
869 2719 973 2764 judi-

210 2769 327 2810 cium,
361 2773 396 2804 et
429 2767 677 2804 contradictio
718 2766 935 2812 potentior?
959 2783 970 2797 ιι

212 2817 266 2852 En
305 2816 450 2853 amicus
489 2814 632 2860 sponsi,
667 2814 843 2858 niugister
876 2814 974 2858 vitm,

209 2867 431 2910 prototypus
453 2862 679 2906 sanctitatis,
703 2871 835 2899 norma
861 2860 974 2908 justi-

211 2911 286 2954 1118,
308 2909 501 2957 exemplar
520 2910 572 2946 vir
600 2908 758 2954 inituris,
779 2908 975 2955 speculum

208 2959 332 2995 omnis
360 2958 521 3005 virtutis,
544 2961 582 2996 tu
611 2968 633 2996 8
652 2956 756 3004 coeli,
781 2966 848 2996 vox
885 2955 975 2995 Ver-

1019 2054 1070 2100 bi,
1088 2054 1299 2091 Praecursor
1319 2054 1472 2096 Christi,
1485 2054 1784 2100 perfectissimus

1018 2102 1115 2138 inter
1144 2102 1242 2138 tilios
1275 2102 1473 2138 hominum
1512 2103 1550 2138 in
1589 2111 1784 2140 carcerem

1017 2148 1234 2194 conjicitur,
1269 2150 1366 2186 ferro
1403 2148 1578 2193 vincitur,
1612 2149 1783 2194 ignomi-

1019 2198 1123 2234 niose
1149 2201 1352 2232 tractatur:
1393 2201 1429 2232 ct
1466 2196 1503 2231 id
1542 2196 1695 2242 quidem
1735 2195 1783 2234 ab

1019 2244 1172 2281 homine
1205 2243 1337 2290 impio,
1370 2243 1554 2288 adultero,
1581 2243 1784 2282 1881851110-

1017 2302 1071 2337 50,
1094 2296 1132 2330 ut
1153 2291 1323 2328 mulieris
1343 2291 1495 2327 infamis
1519 2296 1555 2327 et
1582 2292 1783 2338 impudioae

1018 2339 1110 2376 votis
1131 2339 1258 2385 impiis
1281 2338 1449 2375 satisfiat.
1474 2339 1578 2375 11888
1605 2339 1784 2377 convenit

1019 2391 1057 2423 ut
1076 2386 1207 2423 vitium
1230 2386 1435 2432 triumphet
1467 2386 1591 2432 palam
1624 2386 1671 2423 (18
1704 2386 1784 2423 vir-

1018 2439 1109 2479 tute,
1140 2433 1256 2471 libido
1289 2434 1335 2470 (18
1365 2433 1550 2476 castitate,
1583 2434 1782 2480 impuritas

1017 2482 1063 2520 de
1084 2481 1317 2525 innocentia,
1339 2481 1631 2527 intemperantia
1650 2481 1697 2518 de
1717 2492 1783 2521 so·-

1020 2529 1188 2573 brietate,
1228 2528 1341 2566 homo
1386 2530 1525 2575 impius
1569 2533 1605 2565 et
1644 2529 1783 2568 mulier

1018 2575 1187 2623 improba
1206 2576 1252 2613 de
1271 2576 1395 2622 angeli
1418 2576 1602 2613 terrestris
1628 2575 1783 2615 sublimi

1017 2624 1181 2671 pietate?

1065 2674 1183 2716 Certe,
1206 2671 1235 2707 si
1259 2670 1339 2707 inec
1359 2670 1470 2707 oculo
1490 2671 1613 2709 solum
1644 2671 1783 2708 huma-

1018 2730 1065 2756 no
1116 2719 1314 2764 superlicio
1350 2723 1458 2755 tenus
1479 2719 1780 2764 consideremus,

1018 2765 1200 2803 videbitur
1239 2766 1515 2812 qiiedannnode
1554 2766 1682 2803 divina
1721 2764 1783 2805 hie

1019 2813 1251 2852 Providentia
1303 2818 1339 2850 ct
1386 2814 1535 2851 ,iustitia
1568 2811 1780 2858 obscurari„

1015 2861 1104 2898 dum
1127 2861 1265 2907 impius
1286 2861 1461 2907 praevalet
1492 2862 1670 2899 adversus
1701 2860 1780 2899 'usv-

1017 2912 1110 2952 tnm,
1137 2913 1172 2944 et
1213 2908 1416 2946 crudetitas
1448 2909 1499 2947 im
1531 2908 1614 2947 robi
1641 2908 1684 2955 ju
1711 2906 1781 2946 1815

1015 2956 1192 2995 adversus
1211 2956 1472 2997 innocentiam
1518 2956 1614 2997 ivini
1631 2962 1780 3004 prmo-
