1858 3184
170 278 272 332 quoi
289 277 450 320 celle-la
466 277 604 330 figure
621 275 683 317 les
700 276 854 316 lai-mes
884 276 1063 316 secretos
1093 273 1145 314 de
1177 274 1219 313 18
1244 273 1398 326 prtem,
1419 276 1462 312 et
1492 270 1660 313 celle-ci
1678 270 1741 312 les

169 343 370 386 reunions
388 343 610 397 publiques
628 341 681 382 de
711 334 898 393 l’Eglise.
931 342 995 381 Ou
1025 339 1138 388 bien,
1158 339 1200 379 la
1231 338 1436 387 colomba,
1459 337 1531 390 qui
1567 337 1662 377 vole
1684 347 1742 378 en

169 409 323 459 bande,
343 412 510 450 montre
527 409 567 448 le
585 407 767 447 tumulte
787 406 840 446 de
858 406 900 446 la
917 405 984 446 vie
1003 404 1151 454 active,
1174 409 1216 444 et
1236 404 1278 443 la
1296 403 1558 449 tom-terelle.
1579 402 1656 454 qui
1678 401 1742 442 vit

170 474 298 525 seule,
320 474 495 527 indique
524 473 584 513 les
613 474 813 512 sommets
842 471 894 511 de
925 471 966 510 la
995 470 1062 510 vie
1093 469 1364 522 speculative.
1399 468 1466 516 Et,
1498 479 1624 520 parce
1657 478 1742 519 que

170 538 281 580 l’une
300 543 343 580 et
361 539 511 580 l’autre
530 538 581 578 de
601 549 668 577 ces
687 537 798 578 deux
816 537 971 576 hosties
989 539 1086 575 sont
1104 533 1433 586 tres-agreables
1452 544 1506 572 au
1522 534 1738 580 creamur,

169 604 280 645 saint
297 606 382 645 Luc
399 603 468 643 n'a
487 615 562 656 pas
580 602 642 643 (111
659 602 694 642 51
713 602 772 643 185
792 600 1057 641 tourterelles
1087 613 1142 640 ou
1178 601 1234 639 les
1270 599 1396 652 petits
1425 599 1498 636 des
1528 597 1742 638 colombes

171 670 324 711 081818
343 668 485 709 offen-ts
502 680 579 720 par
597 668 636 709 le
657 667 882 719 Seigneur,
903 666 954 706 (18
974 678 1079 718 peur
1107 665 1345 717 d'indiquer
1376 676 1460 703 une
1493 663 1742 715 preference

170 737 214 775 81
231 735 316 775 8118
335 732 602 785 d'enseigner
621 732 680 772 les
698 733 812 772 deux
831 731 975 771 choses
995 729 1114 783 (hom.
1136 743 1206 769 sur
1231 730 1274 770 S.
1295 728 1413 781 Luc.)
1435 743 1455 764 »

223 799 512 840 Offrons-nous
532 798 643 838 aussi
663 809 764 837 avec
794 797 924 837 Marie
955 808 1039 836 une
1057 795 1174 849 paire
1194 795 1243 834 de
1264 794 1528 834 toul-terelles
1547 806 1603 833 ou
1630 793 1743 834 deux

169 864 296 917 petits
314 863 366 904 de
383 863 596 904 colombes
618 877 627 903 z
651 862 868 902 l’aversiou
891 862 946 901 du
966 861 1112 914 peche,
1136 861 1176 900 la
1208 859 1456 900 conversiou
1484 871 1578 898 vers
1607 858 1739 908 Dieu;

170 929 211 970 18
242 929 368 969 haine
400 930 455 968 du
487 928 630 981 peche,
667 927 846 967 l’amour
889 929 941 966 (18
981 927 1100 966 Dieu.
1135 925 1386 966 offrous-lui
1419 927 1504 963 une
1537 923 1653 976 paire
1691 923 1744 963 de

170 994 380 1036 colombes
402 1007 412 1034 ε
434 994 474 1034 18
511 995 659 1046 purete
697 992 748 1032 de
781 992 904 1032 l'ame
943 995 986 1032 81
1022 991 1078 1031 (18
1114 1003 1247 1043 corps.
1278 989 1522 1031 Offrons-lui
1555 987 1743 1029 l'intelli-

173 1072 305 1112 genoe
335 1064 378 1100 et
408 1060 448 1100 la
478 1060 662 1100 volente.
683 1057 935 1100 Offrons-tui
967 1057 1217 1097 l'adoration
1253 1055 1460 1107 profunde
1490 1059 1533 1094 et.
1552 1054 1593 1094 la
1613 1053 1742 1094 dilec-

170 1125 263 1166 11011
293 1126 464 1165 sincere.
495 1123 744 1165 Ostrons-lui
777 1126 869 1162 tout
900 1122 1102 1162 l'homme
1133 1121 1365 1161 exterieur.
1387 1119 1630 1160 Oflrons-lui
1650 1122 1746 1159 tout

171 1190 371 1231 l'homme
389 1190 610 1240 1818118111,
632 1201 685 1229 88
707 1188 937 1240 gemissant
956 1199 1028 1227 sur
1046 1187 1087 1227 18
1108 1187 1173 1227 vie
1194 1188 1352 1239 passee.

589 197 661 228 ms
684 195 853 229 OEERGES
876 196 930 228 DE
951 195 1008 227 *u
1038 194 1324 226 onAnnmsstm.

563 1508 690 1567 Dus
729 1507 1003 1567 81118888
1041 1491 1355 1567 Ammius

1008 1688 1135 1720 Lumen
1167 1688 1216 1719 ad
1245 1686 1485 1719 revelationem
1523 1686 1677 1728 qentiwn
1716 1687 1748 1718 et

1052 1735 1201 1777 ylorz'am
1219 1733 1329 1776 plebis
1349 1736 1414 1766 tuae
1428 1732 1546 1766 lsraet.

1011 1783 1172 1815 Lumiere
1191 1783 1252 1823 qui
1276 1782 1447 1814 eelairera
1466 1782 1518 1813 les
1538 1781 1681 1813 11811085
1712 1782 1749 1814 et

1052 1830 1086 1862 18
1103 1830 1214 1871 gleire
1235 1830 1278 1861 de
1299 1832 1399 1861 votre
1420 1828 1549 1870 peupte
1570 1827 1728 1861 d'lsraet.

936 1876 1118 1918 (Evanqile
1137 1876 1230 1909 selon
1250 1877 1343 1908 saint
1362 1877 1443 1908 Luc.
1465 1876 1552 1918 claeap
1574 1885 1610 1916 11,
1635 1879 1653 1914 γ
1676 1875 1746 1918 32.)

191 2007 195 2013 ’
229 2036 344 2075 (18118
363 2034 448 2075 sete
468 2034 664 2087 s’appelle
684 2034 794 2074 aussi
816 2048 834 2069 α
858 2032 897 2073 18
916 2033 1000 2073 sete
1022 2034 1094 2073 des
1114 2033 1367 2082 chandeltes‚
1384 2048 1401 2068 n
1425 2044 1478 2072 ou
1501 2031 1543 2072 la
1569 2002 1745 2073 Claeandess

176 2207 391 2244 orationum
431 2207 632 2254 lacrymas,
665 2207 730 2243 illa
771 2206 943 2252 publicos

175 2255 356 2292 Ecclesiae
393 2259 601 2291 conventus
647 2255 826 2290 insinuat.
879 2254 941 2290 Vel

176 2302 366 2347 columba,
383 2313 467 2349 quoe
485 2302 665 2350 gregatim
686 2302 798 2347 volat,
813 2301 944 2337 activae

174 2350 261 2387 vitae
280 2350 531 2396 frequentiam
550 2351 781 2386 demonstrat
798 2360 805 2385 :
824 2353 944 2385 turtur

175 2407 278 2440 vero,
299 2399 362 2444 qui
394 2397 653 2444 singularitate
684 2397 834 2443 gaudet,
855 2407 942 2442 spe—

177 2444 350 2481 culativae
385 2446 471 2490 yitae
514 2445 683 2482 culmina
729 2444 940 2480 denuntiat.

177 2491 224 2528 Et
242 2491 330 2538 quia
361 2502 467 2539 aeque
498 2497 656 2539 utraque
681 2491 845 2528 Creatori
876 2502 941 2527 ac-

178 2542 287 2584 cepta
331 2542 386 2575 est
428 2539 564 2585 hostia,
604 2539 776 2576 consulte
825 2539 944 2575 Lucas

177 2589 305 2622 utrum
338 2588 500 2624 turtures
528 2599 580 2624 an
610 2587 707 2634 pulli
743 2586 942 2623 columba-

177 2642 263 2669 rum
295 2643 363 2679 pro
406 2634 566 2671 Domino
604 2636 681 2671 sint
718 2634 833 2670 oblati
864 2644 944 2670 uon

178 2679 287 2724 dixit,
307 2690 356 2716 88
374 2689 495 2718 unum
518 2682 626 2719 alteri
660 2682 808 2718 vivendi
839 2681 943 2718 ordi-

178 2737 269 2764 nem
306 2726 510 2773 praeferret,
530 2730 595 2766 sed
634 2738 834 2775 utcumque
881 2739 943 2765 se-

178 2774 372 2857 {nendum
390 2775 550 2814 doceret.
568 2792 582 2809 r»
608 2778 694 2814 Haee
715 2777 812 2813 Beda
832 2785 944 2823 super

209 2830 332 2858 88818.

226 2867 437 2906 Offeramus
455 2873 492 2906 81
509 2881 580 2908 805
610 2881 698 2908 8818
731 2871 848 2908 Maria
904 2881 944 2907 er

178 2919 383 2961 turturum,
402 2916 461 2970 *fel
481 2917 576 2954 duos
592 2919 718 2965 pullos
743 2919 870 2956 colum
898 2929 942 2954 a-

176 2971 288 3016 rum:
305 2974 540 3001 aversmnem
558 2976 582 3002 8
598 2970 766 3013 peccato,
787 2976 943 3004 conver-

179 3019 327 3048 smnem
356 3011 405 3048 ad
441 3011 588 3060 Deum3
620 3014 750 3051 odium
778 3013 940 3062 peccati,

980 2216 1149 2242 amorem
1172 2207 1249 2242 Dei.
1281 2206 1494 2242 Offeramus
1526 2216 1593 2252 par
1625 2210 1750 2243 turtu-

982 2264 1064 2290 rum
1095 2264 1102 2290 :
1126 2254 1296 2300 corporis
1316 2259 1351 2290 et
1371 2254 1510 2290 animae
1531 2254 1746 2300 puritatem.

981 2301 1192 2337 Offeramus
1224 2301 1459 2338 intellectum
1497 2306 1532 2337 81
1571 2301 1749 2337 volunta·-

982 2353 1069 2385 tem.
1093 2349 1304 2386 Offeramus
1317 2350 1576 2386 adorationem
1597 2348 1750 2395 prosun-

980 2396 1067 2432 dam
1088 2402 1122 2433 et
1142 2397 1388 2434 dilectionem
1408 2398 1608 2433 sincerem.
1643 2395 1747 2433 Offe-

981 2454 1108 2481 ramus
1127 2449 1247 2481 totum
1282 2445 1476 2481 hominem
1508 2444 1747 2481 exteriorem.

981 2490 1194 2528 Offeramus
1207 2497 1326 2529 totum
1347 2492 1582 2536 interiorem,
1598 2501 1750 2538 gemen-

982 2543 1036 2575 tes
1056 2540 1170 2576 vitam
1191 2540 1435 2586 praeteritam.

1059 2708 1143 2758 'DE
1170 2718 1356 2758 888815
1385 2717 1657 2758 ACCENSIS.

1357 2811 1471 2839 Lumen
1488 2812 1526 2840 ad
1537 2810 1752 2840 revelationem

1316 2847 1455 2882 nentium
1467 2850 1495 2876 et
1512 2846 1640 2882 olor-iam
1654 2847 1752 2881 plebis

1302 2884 1363 2911 tuoe
1375 2883 1480 2911 Israel.
1604 2883 1687 2918 (Luc.
1698 2882 1750 2917 n.)

1028 2966 1107 3003 Hoc
1137 2966 1288 3003 Festum
1319 2970 1474 3003 vocatur
1503 2967 1617 3003 etiam
1641 2978 1658 3000 α
1677 2966 1749 3004 fes-

980 3018 1061 3051 tum
1075 3014 1335 3060 candelarum,
1358 3029 1373 3047 n
1391 3015 1469 3051 sive
1484 3013 1706 3052 candelaria
1725 3026 1748 3052 a
