1858 3184
0 3011 15 3122 ‡*·0‚''.
0 2976 6 2995 “·“
3 2954 6 2955 ’
0 2922 11 2936 θ
0 2890 13 2897 .“
0 2866 4 2872 “

483 130 561 202 *ἐκ
834 173 1031 213 utnon.
1692 175 1718 214 5

143 261 343 319 pecheur
368 273 547 306 comme
571 262 680 306 moi.
705 261 1012 306 Ohtenez-moi
1032 262 1143 305 dans
1169 275 1250 306 vos
1273 262 1495 306 sacrifices
1519 263 1564 306 la
1582 261 1719 319 grfloe

141 340 198 383 de
224 340 267 383 la
291 337 496 383 Doctrine
528 343 571 382 et
610 339 665 383 de
690 339 733 382 18
761 337 921 392 Ve'ritd,
950 341 1042 383 assn
1075 353 1178 396 que,
1209 339 1392 396 lorsque
1424 341 1466 384 le
1491 339 1720 396 Seigneur

142 410 450 465 usus-christ,
478 409 627 466 pretre
667 410 904 467 superieur
934 415 978 454 et
1011 414 1126 467 juge
1151 412 1230 455 des
1255 412 1444 467 prebes,
1467 414 1647 467 portora
1675 413 1718 457 le

144 486 360 534 Rational
373 485 435 530 du
446 487 685 546 juqement
700 489 866 532 devant
886 501 969 532 son
988 488 1100 532 Pete
1121 492 1167 532 et
1180 489 1344 532 devant
1363 492 1462 532 tout
1481 490 1713 542 l'univers,

134 569 186 622 je
210 567 304 621 m’y
328 568 487 610 trouve
514 566 667 608 inserit
692 579 799 609 avec
830 566 894 609 les
919 566 1064 609 tribus
1077 566 1189 621 qu'il
1215 580 1241 609 8
1266 565 1406 618 elues,
1429 580 1506 610 car
1522 576 1582 610 'ce
1603 562 1719 612 n’es't

141 643 268 700 point
288 656 393 686 sans
424 643 560 686 motis
582 656 671 699 que
698 644 808 698 J‘aie
833 644 925 686 lieu
965 644 1019 686 de
1050 644 1257 687 craindre
1278 646 1353 699 qu·
1385 660 1405 684 α
1424 644 1557 700 apres
1590 646 1718 690 avoir

139 717 303 775 preche
318 732 408 762 aux
422 722 587 770 autres,
601 721 650 775 ,ie
664 732 722 763 ne
742 720 832 762 sois
851 718 1109 763 moi—meme
1130 719 1366 777 reprouve.
1384 737 1404 760 n
1435 720 1528 773 Que
1548 721 1588 764 le
1607 721 1715 766 Dieu

137 794 338 839 tres-bon
353 799 398 838 et
412 795 667 851 tres-grand
679 798 803 840 m'en
817 795 1043 852 preserve!
1063 796 1381 853 Suppliez-l'en
1395 811 1502 841 avec
1517 800 1712 843 ferveur.

198 873 341 916 Adieu
379 875 508 925 donc,
550 878 593 917 et
626 875 926 928 maintenant,
956 887 1107 918 semez
1139 876 1490 919 heureusement
1528 889 1635 920 avec
1674 876 1717 918 18

140 949 276 1005 grece
303 952 358 994 de
378 951 502 1002 Dion,
534 953 624 994 assn
651 965 740 1007 que
760 952 862 1007 plus
882 953 979 995 tard
1000 965 1113 996 vous
1135 954 1439 997 moissonniez
1452 966 1561 997 avec
1581 954 1715 997 abon-

140 1029 280 1072 danee
306 1030 417 1071 dans
443 1029 484 1071 18
511 1030 841 1073 hienheureuse
862 1029 1069 1073 etet-nite.

135 1243 374 1283 orationem
394 1255 470 1296 pro
489 1242 634 1284 labore
656 1243 779 1284 'vobis
807 1243 1057 1284 suhsidiario
1077 1243 1312 1297 rependite,
1333 1256 1382 1284 ae
1403 1244 1587 1296 gratiam
1606 1243 1711 1285 Doc-

139 1302 252 1342 trt'nae
283 1305 327 1342 et
363 1302 549 1344 Veritatis
585 1302 798 1343 sacrificiis
835 1302 983 1343 vestris
1021 1303 1278 1356 impetrate:
1305 1306 1354 1343 ut
1384 1315 1480 1344 cum
1509 1303 1713 1344 Dominus

136 1361 257 1403 lesus
276 1362 465 1402 Christus
491 1362 692 1403 Sacerdos
723 1373 944 1416 supremus
963 1365 1007 1402 et
1025 1362 1302 1403 sacerdotum
1331 1362 1470 1404 Judex
1500 1362 1716 1404 Rationale

133 1419 292 1461 ‚ludicii
312 1421 499 1474 portabit
517 1433 659 1462 eoram
690 1423 816 1462 Patre
835 1424 878 1461 et
897 1420 1094 1462 universo
1125 1421 1243 1470 orbe,
1266 1421 1456 1462 inveniat
1487 1422 1714 1476 inscriptus

136 1478 182 1520 in
201 1491 251 1520 eo
271 1492 368 1520 cum
386 1480 596 1521 Tribubus
614 1493 640 1520 a
658 1492 701 1521 se
732 1480 891 1530 electis,
913 1492 1014 1520 nam
1040 1493 1125 1520 non
1145 1480 1303 1534 absque
1322 1493 1449 1522 causa
1481 1482 1712 1523 formidare

136 1538 284 1590 debeo,
306 1551 359 1580 ne
378 1539 490 1580 forte
508 1551 605 1580 cum
636 1539 730 1580 aliis
760 1539 1058 1592 praedicavero,
1082 1539 1171 1593 ipse
1198 1540 1404 1593 reprobus
1428 1540 1604 1582 efficiar.
1625 1542 1711 1582 Hoc

137 1600 185 1638 ut
200 1601 364 1639 avertat
382 1599 493 1639 Deus
506 1598 700 1652 Optimus
723 1599 934 1640 Maximus
959 1598 1192 1652 impensius
1205 1599 1437 1641 obsecrate.
1455 1601 1525 1641 Sic
1543 1604 1642 1654 opto
1661 1604 1709 1641 ut

133 1656 324 1708 valeatiS,
346 1659 388 1699 et
406 1658 519 1711 apud
538 1658 767 1699 Dominum
794 1670 909 1699 nunc
928 1658 1192 1700 fructificetis
1218 1659 1473 1711 felicissime,
1497 1662 1545 1700 ut
1564 1662 1709 1714 postea

132 1717 302 1758 metatis
319 1716 587 1759 abundanter
605 1718 651 1758 in
670 1718 795 1759 beata
816 1718 1069 1759 fetet-nitate.
