1858 3184
216 130 296 170 354
635 136 691 166 Lu
715 134 1020 167 innexurus
1049 125 1372 166 rusum-rmus.

212 217 378 267 celeste,
398 218 529 269 ayant
546 227 628 256 une
647 227 885 268 apparence
904 215 956 255 de
975 215 1055 265 roi,
1076 215 1222 254 revetu
1248 213 1349 254 d'un
1378 217 1579 255 manteau
1607 213 1729 268 royal
1747 217 1790 256 et

211 285 313 338 pare
333 281 431 322 d'un
451 281 642 322 diademo
662 293 747 320 aux
764 280 924 333 pierres
954 280 1205 333 precieuses.
1237 280 1319 319 Par
1350 291 1396 319 66
1427 291 1600 332 moyen,
1620 280 1652 320 il
1677 282 1790 334 6596-
1832 332 1833 335 ¹

210 348 296 390 ruit
313 351 501 400 tromper
519 347 558 386 le
586 346 722 396 saint,
745 349 787 385 et
812 345 872 385 lui
892 345 953 385 dit
975 357 985 384 z
1012 359 1033 384 (1
1062 346 1111 386 Je
1143 345 1229 385 suis
1259 344 1299 384 le
1336 344 1476 384 Christ
1506 350 1580 385 ton
1599 345 1694 395 Roi,
1713 345 1791 398 J’ai

210 414 367 465 daigne
388 411 613 453 deseendre
633 411 689 451 du
709 411 785 451 ciel
805 423 912 463 pour
942 413 983 450 te
1018 410 1163 451 visiter
1195 415 1237 450 et
1267 422 1335 449 me
1355 410 1603 450 manifester
1620 412 1645 450 ὲ
1664 410 1739 451 toi.
1767 427 1785 447 n

211 478 365 520 Martin
385 480 591 519 reconnut
610 476 787 516 aussitot
805 476 846 516 la
865 476 1093 529 tromperie
1106 478 1149 516 et
1166 475 1363 528 repondit
1386 489 1395 515 :
1419 491 1438 511 α
1461 475 1556 515 Mon
1575 475 1789 527 Seigneur

209 543 496 586 ,lesus-Christ
514 542 584 582 n’a
603 554 677 594 pas
709 541 846 593 predit
877 540 980 594 qu’il
1013 541 1234 591 viendrait,
1256 540 1429 580 brillant
1455 540 1506 580 de
1537 553 1720 593 pourpre
1746 543 1789 581 et

212 609 265 650 de
284 608 492 661 diademe,
510 608 554 659 je
582 619 635 646 ne
655 606 694 646 le
725 606 944 646 reconnais
963 618 1037 658 pas
1068 618 1231 646 comme
1261 605 1400 646 Christ
1437 605 1544 645 celui
1580 618 1634 645 en
1655 606 1728 658 qui
1743 605 1789 659 je

212 685 268 715 ne
287 674 377 713 vois
394 685 469 726 pas
487 672 546 712 les
566 672 697 725 plaies
716 675 758 711 et
778 671 837 711 les
856 674 1089 723 stygmates
1110 671 1165 711 du
1186 671 1486 711 erucifiement.
1499 675 1560 711 »A
1577 674 1786 731 66516615,

210 739 408 780 l’ennemi
427 737 484 778 du
503 737 642 778 Christ
661 740 702 776 et
721 737 772 777 de
792 737 833 776 la
852 737 985 776 verite
1005 736 1209 788 disparut,
1232 736 1406 776 laissant
1438 736 1542 776 dans
1573 736 1614 776 la
1635 736 1785 777 cellule

210 816 296 845 une
314 806 526 856 puanteur
545 801 877 854 insupportable.

266 870 395 910 Satan
417 881 442 908 a
461 870 527 908 ete
546 867 665 907 irrite
684 878 847 906 comme
866 867 966 919 pere
997 869 1039 906 et
1058 878 1222 906 comme
1242 867 1392 906 maitre
1424 879 1501 918 par
1532 879 1596 907 ses
1614 866 1680 906 fils
1700 867 1783 906 im-

211 935 316 988 pies,
334 938 375 974 et
395 946 458 974 ses
471 933 675 985 aveugles
694 932 899 983 disciples,
916 931 957 982 ie
974 943 1085 972 veux
1099 932 1239 984 parler
1256 932 1306 972 de
1326 931 1505 971 certains
1525 931 1781 984 heretiques,

209 1000 326 1041 ohefs
346 998 586 1051 d'aveugles
615 1000 656 1045 61
681 997 920 1047 d’insenses,
943 995 1017 1049 qui
1049 997 1224 1036 disaient
1255 1009 1356 1037 avec
1386 1010 1467 1037 une
1499 998 1784 1049 orgueilleuse

209 1065 483 1118 imprudence
507 1077 516 1103 ε
542 1079 560 1099 ι(
582 1063 631 1103 .Ῑ6
651 1063 735 1102 51115
754 1063 793 1102 16
814 1062 966 1102 Christ.
995 1078 1013 1098 »
1036 1062 1210 1103 Ceux-le
1230 1062 1444 1102 n’avaient
1461 1062 1582 1115 point
1602 1063 1795 1115 compris

209 1137 251 1176 la
269 1135 413 1189 parole
433 1135 484 1174 de
503 1135 624 1182 Jean,
649 1133 792 1185 quand
824 1132 855 1172 il
887 1133 950 1172 dit
976 1133 1244 1185 aujourd'hui
1275 1133 1309 1173 si
1341 1133 1634 1173 humblement
1657 1145 1667 1173 2
1692 1149 1710 1170 ι(
1733 1134 1782 1174 ,16

210 1213 265 1242 116
285 1201 370 1240 51115
390 1212 463 1252 pas
483 1200 522 1239 16
542 1198 694 1239 Christ.
719 1212 737 1236 »

266 1266 462 1315 Saturne,
489 1264 637 1304 ancien
669 1263 903 1316 heretique,
921 1263 1123 1303 declarati
1156 1262 1258 1316 qu’il
1289 1263 1390 1303 etait
1420 1264 1459 1304 16
1491 1263 1629 1305 Christ
1672 1271 1713 1305 et
1745 1264 1783 1305 16

210 1332 402 1373 Sauveur
422 1331 583 1382 envoye
603 1341 679 1381 par
699 1329 738 1369 16
758 1330 876 1368 Ρ61·6.

262 1396 492 1437 Menandre
512 1394 689 1435 donnait
710 1394 748 1434 le
768 1394 964 1446 bapteme
985 1405 1038 1433 en
1059 1405 1134 1433 son
1154 1406 1309 1446 propre
1330 1406 1446 1433 nom.

264 1461 424 1509 Simon,
447 1460 485 1500 16
504 1462 602 1512 pere
622 1459 673 1499 de
692 1463 787 1499 tous
808 1459 867 1499 les
887 1458 1142 1511 heretiques,
1165 1470 1207 1499 se
1245 1460 1451 1499 nommait
1488 1459 1528 1499 la
1564 1460 1696 1501 Vertu
1729 1459 1781 1500 de

205 1526 329 1575 Dieu,
350 1526 380 1565 il
400 1538 443 1566 se
462 1525 603 1565 faisait
620 1527 763 1577 porter
782 1524 886 1564 dans
906 1524 964 1564 les
984 1525 1066 1563 airs
1086 1536 1160 1576 par
1180 1524 1239 1564 les
1273 1524 1462 1564 mauvais
1493 1524 1643 1578 esprits
1673 1537 1782 1577 pour

207 1590 298 1632 6116
316 1591 461 1631 adore.

262 1657 437 1698 Montan
457 1667 500 1695 se
520 1654 643 1695 disait
662 1654 699 1694 16
719 1653 924 1694 Paraclet.

262 1721 356 1762 Ala
375 1721 436 1761 fin
465 1710 543 1761 des
567 1725 717 1773 temps,
740 1720 948 1772 plusieurs
979 1719 1122 1759 diront
1146 1730 1155 1758 ε
1182 1733 1201 1757 «
1237 1720 1286 1760 Je
1314 1719 1400 1759 suis
1438 1719 1477 1760 le
1514 1720 1668 1771 Christ,
1690 1734 1711 1759 n
1736 1724 1779 1763 et

205 1786 317 1827 voilo.
336 1786 543 1839 pourquoi
564 1777 799 1838 l'Evangile
825 1797 930 1825 nous
951 1785 1103 1825 avertit
1126 1796 1135 1823 ε
1160 1800 1178 1820 ι(
1214 1786 1370 1825 Prenez
1393 1785 1523 1838 garde
1561 1798 1643 1838 que
1679 1798 1777 1839 per-

203 1864 338 1893 sonne
356 1864 410 1892 ne
441 1863 544 1891 vous
576 1851 754 1900 se'duise,
777 1862 900 1903 parce
932 1862 1014 1903 que
1048 1850 1255 1902 plusieurs
1286 1850 1510 1890 vieudront
1547 1863 1643 1891 sous
1676 1863 1776 1892 mon

1009 2041 1200 2088 discipuli,
1219 2042 1387 2079 hoeretici
1415 2043 1559 2080 seilicet
1581 2042 1774 2087 nonnulli,

202 2053 318 2080 aurea
336 2042 490 2088 cyclade
503 2047 538 2078 61
554 2047 652 2079 veste
675 2043 774 2089 regia
794 2042 969 2086 amictus,

1008 2099 1192 2126 6166611161
1214 2095 1248 2125 et
1271 2090 1533 2136 insipientium
1548 2091 1677 2133 duces,
1708 2101 1775 2127 su-

203 2101 291 2128 cum
312 2091 522 2126 diademate
543 2102 587 2126 ex
608 2091 782 2137 pretiosis
810 2090 970 2137 gemmis

202 2142 392 2176 contexto.
429 2138 504 2175 llac
534 2142 612 2174 arte
645 2139 766 2174 virum
798 2142 967 2174 sanetum

203 2186 333 2223 fallere
354 2196 524 2232 sperans,
547 2186 601 2222 sic
621 2196 708 2222 eum
735 2191 790 2222 est
820 2186 968 2222 allocu—

203 2238 263 2271 tus
285 2244 293 2270 :
321 2247 335 2265 «
359 2234 433 2279 Ego
454 2243 537 2270 sum
566 2233 735 2270 Christus
762 2234 836 2270 Rex
868 2238 966 2276 tuus,

200 2285 312 2328 atque
342 2281 387 2317 de
407 2281 503 2317 cml«)
537 2281 766 2318 (inscendere
792 2281 968 2326 dignatus

200 2338 302 2371 sum,
326 2333 363 2365 ut
385 2333 419 2364 te
442 2328 627 2364 visitarem
651 2334 686 2365 et
707 2340 767 2365 me
785 2325 850 2365 tibi
884 2339 965 2365 mn-

200 2376 432 2413 nit'estnrem.
460 2391 472 2409 n
498 2377 655 2421 Agnovit
676 2387 761 2413 mex
786 2376 864 2423 ipse
895 2377 964 2413 sul-

201 2424 352 2467 lucium,
386 2428 420 2460 et
463 2424 655 2470 respondit
678 2435 685 2460 :
725 2440 736 2455 α
783 2424 965 2462 Dominus

199 2482 306 2508 meus
322 2473 424 2508 165115
438 2471 608 2507 Christus
624 2482 698 2508 non
716 2482 878 2518 purpurn
900 2477 960 2509 aut

196 2519 408 2556 dindenmte
437 2519 661 2556 renitentem
692 2530 731 2555 se
764 2525 960 2556 venturum

196 2577 277 2603 6556
300 2566 493 2614 prmdixit3
515 2571 551 2603 et
572 2566 679 2603 inum
703 2578 778 2604 666
799 2578 962 2612 agnosco

196 2619 235 2650 ut
258 2614 463 2657 Christum.
486 2615 594 2669 cujus
616 2615 769 2651 vulnera
791 2619 855 2651 aut
876 2615 961 2659 stiu—

1008 2136 1120 2183 perbe
1141 2142 1172 2172 et
1192 2137 1431 2183 impudenter
1450 2138 1619 2174 (11666165
1635 2148 1642 2174 :
1658 2152 1671 2170 (ι
1694 2138 1771 2185 Ego

1007 2195 1090 2221 sum
1124 2185 1307 2228 Christus,
1331 2200 1345 2219 »
1370 2186 1527 2221 sommis
1548 2196 1677 2222 vocem
1701 2185 1770 2223 ho-

1006 2233 1175 2268 diernum
1200 2243 1275 2268 666
1296 2238 1559 2277 agnoscente—S,
1582 2243 1669 2269 cum
1705 2233 1771 2270 hu-

1007 2280 1164 2316 militate
1182 2280 1467 2334 pronuntiantis
1491 2291 1498 2316 :
1533 2294 1547 2312 «
1574 2280 1658 2318 Non
1684 2291 1767 2318 sum

1005 2339 1072 2373 ego
1104 2327 1287 2364 Christus.
1325 2342 1338 2360 »ι
1363 2328 1423 2363 ste
1453 2328 1636 2364 Saturnus
1673 2329 1768 2365 anti-

1005 2386 1099 2422 quus
1122 2375 1317 2411 haereticus
1349 2386 1388 2412 se
1417 2374 1607 2412 Christum
1637 2376 1768 2413 618111-

1004 2428 1167 2460 vatorom
1203 2434 1225 2459 (1
1265 2422 1367 2459 Putre
1407 2422 1564 2459 missum
1599 2434 1765 2470 pronun·

1003 2471 1128 2507 tiabat.
1171 2470 1375 2507 Menander
1413 2470 1451 2507 in
1497 2481 1563 2508 suo
1609 2471 1765 2509 6616166

1003 2518 1229 2566 baptismum
1268 2517 1498 2554 instituebat.
1533 2519 1664 2556 Simon
1703 2531 1765 2566 pa·

1002 2577 1088 2603 rens
1108 2565 1279 2603 omnium
1313 2565 1578 2602 hmretieorum
1600 2567 1763 2604 sevit-tu-

1002 2618 1074 2651 tem
1109 2613 1171 2650 Ι)61
1204 2612 1438 2655 nominulmt„
1467 2618 1502 2649 et
1533 2627 1554 2649 6
1586 2614 1764 2661 malignis

195 2666 294 2698 mntn
317 2662 354 2699 in
377 2673 490 2699 61666
510 2673 543 2699 (ει
565 2663 709 2699 :unicui
732 2673 807 2699 666
838 2662 958 2717 inspi-
999 2660 1192 2708 spiritibus
1211 2660 1250 2697 in
1266 2660 1403 2697 emtum
1419 2662 1592 2698 seetl'erri
1609 2661 1763 2699 curabat

193 2710 266 2746 cio.
293 2726 305 2741 n
329 2711 409 2764 ‘llis
441 2710 566 2755 (lictis,
593 2710 790 2765 disparens
822 2710 956 2747 Christi

192 2762 228 2793 nt
262 2758 426 2794 veritatis
460 2758 591 2801 1165115,
625 2758 722 2795 nihil
758 2758 831 2795 nisi
870 2759 958 2795 setu-

191 2814 269 2887 1616
311 2806 598 2852 spurcissimum
647 2806 685 2843 in
725 2806 821 2843 66ΙΙιι
866 2805 954 2843 reli-

189 2864 197 2885 (
217 2862 250 2887 ut
275 2880 282 2888 .

201 2863 209 2897 Ι
236 2901 412 2937 Sntnnnm
436 2900 579 2938 Putrem
603 2910 712 2938 suum
745 2905 780 2938 et
815 2900 953 2945 Manis—

999 2714 1037 2746 ut
1057 2709 1286 2746 adoraretur.
1313 2708 1513 2745 Montanus
1535 2721 1574 2745 se
1596 2709 1762 2747 Paracle-

998 2761 1076 2794 tum
1097 2754 1256 2793 dicebat.
1282 2755 1398 2809 Atque
1421 2761 1493 2793 tem
1525 2767 1589 2794 616
1619 2761 1760 2812 postro-

997 2815 1057 2841 mo
1078 2802 1220 2848 51161111,
1245 2803 1351 2839 multi
1375 2809 1462 2839 sunt
1518 2805 1628 2842 icturi
1652 2815 1659 2841 :
1682 2804 1759 2852 Ego

994 2862 1076 2888 sum
1115 2850 1299 2894 Christus,
1333 2855 1368 2887 et.
1410 2850 1493 2889 ideo
1533 2853 1761 2899 praemonuit

995 2897 1237 2943 Evcinsselium
1264 2908 1270 2934 :
1298 2913 1311 2929 «ι
1340 2898 1485 2943 Videte,
1507 2910 1556 2937 66
1577 2900 1661 2946 quis
1693 2910 1759 2937 vos

190 2948 286 2984 trum
311 2948 446 2985 imitati
468 2953 555 2986 sunt
576 2949 683 2996 impii
705 2949 788 2996 titii,
804 2953 841 2987 et
861 2948 951 2987 coeci
991 2946 1157 2993 seducat,
1178 2945 1287 2984 multi
1309 2946 1413 2986 euim
1435 2947 1587 2986 venient
1619 2947 1661 2985 in
1693 2957 1758 2986 no-
