1858 3184
929 75 947 101 .1”,
954 87 961 94 «-

960 101 971 121 ἵ

196 144 253 190 20
618 151 668 181 m
697 150 902 186 lumem.
918 109 1004 184 giis
1032 142 1350 183 rnemcununs.

198 242 288 273 mes
306 243 422 283 yeux
441 242 530 271 vers
549 241 666 280 vous,
683 229 727 282 je
759 230 939 282 regardo
959 233 1002 270 et
1015 230 1061 281 je
1080 230 1325 283 regarderai
1343 241 1439 270 vers
1456 241 1530 270 vos
1548 229 1770 281 haetenus,

199 307 362 337 comme
380 295 418 335 le
437 295 543 348 petit
562 295 613 335 de
633 294 898 336 l'hirondeHe
917 297 1063 348 separe
1083 295 1134 335 de
1153 307 1260 335 ceux
1279 296 1352 348 qui
1374 295 1432 335 iui
1461 295 1700 336 donnerent
1730 295 1772 337 16

195 361 359 414 16111336
378 361 511 413 gemis
530 363 572 401 et
586 361 632 412 Je
650 360 734 401 orie
754 372 916 400 comme
936 361 978 400 la
995 360 1198 409 colomba,
1206 360 1356 413 j'eleve
1376 373 1469 400 vers
1487 373 1589 399 vous
1606 372 1771 400 comme

196 427 240 467 la
255 425 500 467 tout-terelle
520 438 605 466 nne
623 426 720 465 voix
742 426 1011 478 gemissante,
1036 426 1080 478 ι16
1113 426 1251 479 dirige
1283 438 1384 466 mon
1417 427 1511 466 ame
1542 437 1636 465 vers
1667 437 1773 466 vous

196 492 300 533 dans
316 491 581 532 l’amertume
612 491 664 531 de
697 503 796 531 mon
817 504 946 540 eoeur‚
981 491 1051 531 116·
1066 503 1171 544 peut·
1205 503 1287 543 que
1318 491 1521 531 l’univers
1553 491 1687 543 perdu
1715 500 1772 531 ne

196 557 352 599 souffre
373 569 433 597 un
452 558 510 597 tel
529 556 755 608 dommage
776 569 856 609 que
877 555 1007 596 d’etre
1028 557 1210 609 privede
1229 569 1306 596 son
1326 557 1531 597 Sauveur.
1548 555 1767 608 Regardez

196 623 307 664 done
325 634 391 663 ees
413 623 730 674 gemissements
749 626 791 661 et
810 635 877 661 ees
897 621 1318 674 1armes,remplissez
1338 634 1411 662 vos
1430 633 1665 674 promesses
1681 626 1771 662 tou-

196 687 324 730 chaat
342 687 381 728 16
402 689 592 728 Sauveur
613 686 685 739 qui
705 687 793 727 doit
812 687 938 726 sortia
969 687 1022 727 d'e
1053 699 1122 726 ma
1153 699 1262 738 tace,
1286 687 1360 740 qui
1380 686 1469 727 doit
1487 687 1640 727 effaeer
1673 689 1770 727 tous

195 765 285 794 mes
301 753 454 806 peches
473 755 514 792 et
531 752 591 792 les
609 752 760 805 peehes
792 752 848 791 du
878 752 1030 791 monde
1062 752 1214 801 entier,
1249 752 1323 805 qui
1358 752 1446 792 doit
1478 751 1689 797 arraeher.
1709 752 1771 792 les

195 819 310 859 emes
331 820 356 858 ὲ
375 817 416 858 la
435 820 560 867 mort,
583 817 656 870 qui
675 816 763 856 doit
784 829 889 856 nous
908 817 1071 857 donner
1096 817 1138 857 la
1166 818 1248 867 vie,
1270 817 1375 857 dont
1394 816 1436 857 la
1454 816 1590 857 vision
1609 816 1768 857 rendra

192 883 386 926 heureux
404 887 447 924 et
465 895 566 923 avec
585 883 658 935 qui
686 894 792 922 nous
812 883 988 923 voulons
1006 895 1109 923 vous
1137 882 1323 934 glorifier
1344 882 1448 922 dans
1467 881 1508 922 la
1527 881 1771 937 maison'de

193 954 313 990 votre
340 949 533 989 eternite.
557 948 679 989 Voile
709 950 735 988 ἐι
764 961 847 1000 peu
880 950 973 1000 pres
1005 949 1043 988 le
1072 951 1237 989 resume
1270 948 1327 987 du
1361 947 1548 987 discours
1566 947 1618 987 de
1639 958 1686 987 66
1705 947 1771 987 roi

194 1014 340 1068 pieux‚
361 1014 474 1054 veile
504 1014 542 1054 le
565 1013 863 1066 gemissement
883 1014 934 1053 de
954 1013 994 1052 la
1014 1013 1258 1053 tourterelle
1281 1025 1351 1052 sur
1380 1015 1497 1052 notre
1523 1015 1649 1061 terre,
1671 1024 1768 1057 sou-

193 1080 335 1133 pirent
353 1091 446 1119 vers
465 1079 503 1119 le
524 1080 714 1119 Sauveur
732 1081 775 1118 et
794 1091 886 1119 vers
907 1079 947 1118 la
968 1082 1078 1118 terre
1098 1078 1170 1118 des
1189 1078 1368 1118 vivants.

248 1146 370 1186 cesse
398 1148 461 1184 tes
491 1144 658 1192 lat-mes,
681 1145 706 1183 ὁ
725 1144 937 1192 Ezechias,
960 1148 1006 1183 tu
1026 1156 1077 1184 ne
1096 1155 1287 1183 mouri-as
1306 1143 1427 1195 point
1460 1143 1511 1183 de
1544 1144 1652 1182 cette
1678 1153 1771 1183 ma-

193 1210 320 1250 ledie.
340 1212 396 1250 Le
413 1211 650 1250 Tres-Haut
669 1221 694 1248 a
712 1222 768 1249 vu
788 1213 850 1249 tes
871 1209 999 1261 pieux
1021 1210 1339 1261 gemissements
1359 1211 1400 1248 et
1413 1211 1476 1249 tes
1501 1220 1643 1259 voeux,
1657 1208 1689 1248 il
1702 1220 1771 1248 sa-

193 1276 341 1316 tisfera
358 1276 574 1315 surement
592 1277 667 1314 ton
687 1274 809 1323 desir,
827 1266 885 1314 'de
907 1280 949 1314 te
968 1286 1063 1314 raee
1083 1275 1221 1314 neitre
1240 1274 1279 1314 16
1301 1274 1491 1314 Sauveur
1509 1275 1604 1314 tant
1617 1273 1768 1314 desire.

193 1341 261 1391 Et,
283 1341 389 1381 voiei
407 1352 466 1380 un
486 1340 608 1391 signe
640 1339 713 1392 qui
743 1341 967 1379 t'assurera
987 1339 1037 1379 de
1058 1339 1099 1379 la
1119 1339 1259 1379 divine
1292 1351 1501 1391 promesse
1539 1353 1548 1379 ε
1577 1338 1616 1379 16
1650 1338 1772 1379 soleii

193 1405 490 1458 retrogradera
509 1404 560 1445 de
579 1404 652 1445 dix
671 1404 804 1456 lignes
823 1417 894 1443 sur
915 1404 1120 1456 l'horloge
1140 1404 1337 1445 d’Achaz.
1361 1404 1460 1445 Cela
1491 1416 1651 1458 pourre
1670 1402 1772 1456 t’ap-

193 1470 374 1524 prendre
408 1482 488 1522 que
519 1470 558 1509 le
590 1468 709 1509 soleil
743 1469 794 1508 de
819 1469 974 1520 justice
1006 1470 1235 1509 deseendra
1254 1469 1359 1509 neuf
1387 1469 1552 1521 degree„
1577 1470 1635 1510 les
1667 1468 1778 1509 neuf

194 1536 360 1577 ehoeurs
390 1535 464 1575 des
495 1536 652 1587 Auges,
682 1533 882 1586 jusqu'au
913 1534 1096 1574 dixieme
1129 1534 1272 1586 116316,
1308 1535 1350 1574 la
1382 1538 1536 1575 nature
1568 1534 1772 1574 humaine

195 1600 298 1655 qu'il
317 1600 500 1654 prendre
517 1600 569 1640 de
588 1605 631 1639 te.
651 1611 757 1648 rece,
780 1611 887 1651 pour
909 1602 980 1639 ton
1002 1599 1111 1640 salut
1142 1602 1186 1650 et
1216 1599 1327 1639 celui
1360 1599 1411 1640 de
1443 1602 1536 1639 tout
1554 1599 1767 1640 l'univers.

195 1667 309 1709 Vous
339 1678 469 1719 voyez
500 1677 581 1719 que
613 1665 672 1705 les
702 1664 833 1705 desii-s
865 1665 916 1704 de
947 1677 993 1705 ee
1025 1666 1103 1705 Roi
1135 1665 1171 1705 si
1203 1664 1332 1717 pieux
1353 1664 1472 1704 n'ont
1490 1677 1565 1718 pes
1585 1667 1651 1705 ete
1672 1665 1769 1705 inu-

195 1731 305 1774 tiles.

249 1800 292 1839 5⁰
312 1796 524 1839 Plusieurs
544 1795 642 1836 Rois
661 1798 734 1836 ont
754 1807 890 1835 eounu
921 1795 959 1835 16
988 1795 1127 1836 Christ
1146 1798 1188 1835 et
1209 1795 1402 1835 souhaite
1422 1808 1497 1835 son
1519 1798 1772 1836 avenement

196 2012 389 2051 converto,
411 2011 447 2044 et
478 2007 518 2043 in
556 2006 749 2043 excelsum
782 2006 962 2052 suspicio,

1051 2005 1186 2042 Verum
1208 2006 1401 2042 enimvero
1431 2005 1519 2042 siste
1542 2006 1772 2052 lachrymas,

195 2062 233 2094 61
264 2055 483 2103 suspiciam,
516 2058 558 2091 ut
592 2054 719 2101 pullus
749 2053 965 2091 hirundinis
1003 2064 1024 2090 o
1058 2053 1214 2089 Ezecliia
1238 2064 1246 2089 :
1269 2064 1340 2090 nee
1371 2055 1475 2090 enim
1513 2053 1687 2091 morieris
1724 2063 1771 2091 ex

195 2104 243 2142 ab
265 2103 323 2140 bis
342 2103 407 2151 qui
427 2113 513 2140 eum
540 2106 751 2149 genuerunt
771 2102 961 2145 ‹it-sertus3

196 2153 406 2198 ingemisco
420 2155 455 2188 et
476 2150 641 2187 inclamo
660 2149 961 2192 sicuteulundm;

196 2200 294 2238 sieut
315 2204 436 2236 turtur
456 2209 585 2235 vocem
607 2197 883 2241 gemebundam
915 2197 959 2232 ad

195 2253 231 2286 te
250 2247 449 2291 extolio‚et
463 2246 502 2283 111
522 2246 775 2282 amaritudine
794 2246 959 2281 aninunn

195 2306 319 2333 meam
340 2294 459 2338 elevo.
483 2304 531 2331 ne
551 2298 697 2329 tantum
718 2292 960 2338 dispendium

195 2343 299 2381 orbis
329 2342 497 2390 perditus
531 2341 705 2388 patiatur,
742 2345 780 2377 ut
809 2340 962 2377 orbetur

195 2390 386 2428 Salvatore
405 2400 486 2427 suo.
515 2388 671 2436 Respice
691 2399 779 2434 ergo
799 2389 961 2433 gentitus

197 2438 266 2475 bos
285 2449 329 2475 ac
350 2438 577 2483 lachrymas,
598 2442 631 2472 et
654 2435 769 2483 imple
798 2436 959 2483 promis-

196 2485 323 2523 siones
352 2491 432 2522 tuas
458 2485 504 2522 de
534 2484 723 2521 Salvator«)
749 2494 794 2519 ex
816 2484 960 2520 sonnino

197 2544 280 2571 meo
309 2532 550 2576 suecitundm
570 2532 633 2579 qui
667 2531 839 2579 projiciat
880 2536 959 2578 post

195 2585 341 2628 tergum
362 2580 490 2617 omnia
511 2590 593 2617 mea
623 2590 666 2617 ae
693 2579 806 2616 totius
828 2579 957 2615 mundi

195 2634 348 2676 peecata
362 2644 370 2670 ;
392 2629 454 2674 qui
476 2627 956 2675 61111111161116116111111111111ς

222 2676 259 2714 ui
281 2676 440 2712 vivitieet
463 2686 553 2719 notu
575 2674 683 2721 cujus
708 2674 852 2711 visione
874 2679 956 2711 tan-

194 2687 280 2761 36111
303 2723 684 2766 1161111,1116111166111116
706 2721 812 2759 inum
835 2728 957 2759 tecum

195 2772 235 2808 in
266 2771 379 2809 domo
413 2774 473 2806 tua
511 2776 664 2807 wit-rna.
706 2770 772 2807 nio
803 2770 878 2806 seru
903 2774 957 2807 est.

194 2817 423 2865 compendio
443 2817 681 2854 abbreviatus
699 2817 892 2856 discursus
908 2818 955 2865 pii

194 2865 329 2910 nomn:
354 2864 416 2902 1116
447 2869 501 2901 est
523 2867 683 2909 gemitus
716 2860 888 2903 'l'urturis
919 2866 956 2902 111

195 2917 292 2950 terra
324 2917 466 2956 nosti-a.
486 2910 533 2948 1111
565 2914 809 2958 Satvatorem,
840 2918 875 2952 et
912 2913 958 2951 ad

193 2964 331 3000 terum
352 2960 558 2999 viventium
578 2960 815 3008 suspirantis.

1004 2101 1073 2138 hac
1094 2101 1326 2138 infirmitate.
1350 2100 1526 2147 Respexit
1547 2101 1628 2148 pios
1647 2101 1772 2148 gemi-

1003 2153 1075 2191 1119,
1115 2153 1150 2184 61
1191 2153 1273 2185 vota
1324 2154 1387 2185 tua
1431 2149 1659 2194 Mussitans,
1690 2152 1771 2187 tuto

1002 2196 1205 2233 satisfaciet
1225 2197 1424 2241 desiderio,
1449 2201 1512 2233 tua
1530 2208 1575 2233 ex
1595 2196 1771 2244 prosapia

1001 2245 1141 2280 orietur
1160 2245 1326 2281 Salvator
1347 2244 1411 2280 1116
1438 2249 1631 2292 tantopere
1650 2255 1771 2291 exop-

1003 2297 1109 2328 tatus.
1137 2293 1179 2328 Et
1198 2303 1286 2329 ecee
1318 2301 1493 2329 securum
1530 2292 1597 2329 tibi
1627 2292 1771 2330 divium

1002 2340 1263 2385 promissionis
1295 2340 1462 2383 signum.
1486 2339 1546 2376 Sol
1581 2343 1772 2386 retrogre-
1813 2358 1819 2365 ·

1000 2388 1122 2424 dintur
1159 2388 1290 2424 decem
1332 2386 1442 2423 tineis
1482 2388 1521 2424 in
1574 2387 1768 2434 horologio

1002 2435 1120 2471 Actmz
1143 2446 1150 2472 :
1176 2435 1218 2472 Et
1253 2435 1324 2472 1166
1357 2439 1391 2471 16
1423 2434 1581 2471 edocere
1618 2434 1770 2481 poterit,

999 2483 1124 2519 Solem
1154 2482 1310 2530 ‚iustitiae
1343 2493 1407 2529 pei·
1447 2493 1583 2519 novem
1615 2482 1768 2529 gradus.

1001 2541 1064 2577 per
1084 2541 1219 2567 novem
1245 2530 1381 2567 choros
1415 2530 1659 2574 Angelorum,
1679 2530 1770 2567 des-

998 2588 1201 2615 censurum
1234 2578 1278 2614 ad
1313 2577 1505 2615 decimum
1539 2587 1655 2624 usque
1687 2587 1771 2625 gra-

998 2626 1103 2668 dum.
1123 2626 1169 2662 ad
1193 2626 1399 2663 humanam
1432 2635 1550 2672 usque
1576 2629 1766 2672 naturam,

999 2684 1111 2720 quum
1145 2684 1189 2710 ex
1230 2678 1291 2709 tua
1331 2676 1457 2709 sumet
1494 2673 1690 2719 progenie,
1725 2673 1767 2711 in

999 2727 1099 2758 tuam
1135 2722 1321 2768 totiusque
1351 2720 1455 2757 orbis
1480 2719 1652 2757 salutem.
1678 2720 1769 2761 Viae

997 2769 1182 2807 desideria
1205 2767 1431 2816 pientissimi
1452 2767 1561 2814 Regis
1581 2778 1659 2805 non
1680 2769 1769 2806 ina-

1001 2827 1075 2853 nia.
1760 2840 1762 2842 v

1048 2864 1253 2907 Postremo,
1267 2872 1355 2900 eum
1371 2862 1510 2900 muitos
1525 2862 1642 2909 Reges
1663 2863 1769 2902 Chri-

998 2916 1099 2949 stum
1118 2910 1316 2955 agnovisse
1343 2910 1514 2957 votisque
1545 2910 1766 2949 ardentibus

1000 2959 1103 2999 iltius
1131 2959 1336 2998 adventum
1368 2963 1564 3006 exoptasse
1598 2957 1766 3006 explora-
