1858 3184
100 284 293 338 q'i'ap'res
309 281 428 324 avoir
446 279 599 332 daigne
616 278 839 320 dementer
857 290 959 319 avec
977 289 1083 318 nous
1101 275 1286 330 pendant
1304 276 1345 316 la
1363 278 1509 316 courte
1536 274 1670 316 dureo

98 349 286 390 &enotre
305 346 388 399 v'ie,
403 346 432 386 it
453 345 607 397 daigne
622 344 786 385 ensuite
805 356 911 384 nous
930 343 1071 396 placer
1087 354 1190 382 avec
1209 341 1270 382 lui
1287 341 1392 381 dans
1410 339 1671 381 l'immuabte

98 411 291 456 eta-nite.

155 479 275 521 Voila
295 477 402 517 donc
421 477 635 516 comment
654 486 720 514 ces
747 474 1000 527 aspiratione
1020 473 1293 524 gemissantes
1325 474 1421 511 sont.
1450 469 1522 510 des
1553 470 1672 510 truite

97 544 258 596 diriges
274 553 350 596 per
370 541 442 581 des
460 552 597 581 coeurs
614 540 743 592 pieux
763 551 856 579 vers
878 539 915 578 ie
938 538 1133 591 glorieux
1153 538 1286 590 regne
1303 536 1361 576 du
1381 535 1534 576 Christ.

149 608 274 651 saint
299 606 508 659 Augustin
543 605 715 645 observe
747 616 848 645 avec
879 603 1019 644 raison
1041 615 1137 656 que,
1158 604 1286 642 avant
1306 600 1588 641 l'avenement
1614 600 1672 640 du

99 673 252 724 ueri-t,
274 672 335 712 les
354 671 484 712 desii-s
504 670 555 710 de
574 674 668 710 tous
689 670 748 710 les
767 669 910 710 Saiuts
938 668 1157 709 tendaient
1174 679 1268 708 vers
1293 666 1588 707 l’incarnation
1615 665 1672 705 du

97 737 249 780 christ.
261 737 378 788 Mais,
388 737 510 790 apres
523 748 567 775 sa
585 734 767 788 passion,
777 747 823 774 sa
843 733 1124 774 resurrection
1138 736 1179 772 et
1193 745 1268 772 son
1282 732 1518 781 ascension,
1534 732 1594 771 ies
1606 730 1675 771 (16-

98 802 236 844 sindo
250 805 344 851 tous
365 801 423 841 les
437 801 581 841 Saints
600 800 776 839 tendent
789 811 882 839 vers
896 799 1178 838 l'avenement
1193 797 1388 850 glorieux
1402 795 1453 836 de
1468 807 1514 836 ce
1536 796 1673 836 meme

100 868 252 916 cariat.
276 879 327 907 en
346 867 420 920 qui
441 876 533 906 sera
559 865 739 919 parfaite
771 865 811 904 la
843 864 999 904 felicite
1029 864 1081 903 de
1112 866 1207 903 tous
1237 872 1343 902 ceux
1381 862 1453 915 qui
1489 861 1675 902 l’auront

99 933 224 975 aime.
247 933 451 984 L'Apotre
467 931 567 971 dita
580 943 625 970 ce
646 942 799 983 propos
822 943 831 969 :
857 943 878 967 «
898 929 931 969 11
952 940 1019 969 me
1039 932 1148 968 reste
1167 927 1208 967 la
1226 939 1442 967 oouronne
1457 927 1508 967 de
1523 926 1677 979 justice

101 998 173 1052 qui
194 997 314 1038 m'est
334 998 538 1045 reservee‚
559 1008 639 1048 que
660 995 698 1035 le
719 995 928 1047 Seigneur
948 1005 1112 1034 comme
1138 1006 1195 1032 un
1212 993 1324 1045 juste
1354 992 1461 1045 juge
1482 1004 1548 1032 me
1579 1003 1676 1032 ren-

101 1063 177 1105 dra
206 1075 260 1103 en
293 1074 338 1102 ce
367 1061 482 1114 jour,
516 1064 558 1101 et
589 1060 930 1100 non·seulemeut
950 1062 973 1099 a
994 1059 1094 1108 moi,
1114 1059 1219 1098 mais
1240 1070 1392 1098 encore
1411 1059 1436 1097 a
1457 1061 1551 1097 tous
1570 1067 1678 1097 ceux

102 1127 175 1181 qui
193 1118 355 1168 aiment
386 1138 460 1166 son
487 1127 753 1167 avenemeut.
774 1124 815 1178 (2
840 1125 943 1165 Tim.
966 1136 1023 1174 tv,
1043 1123 1100 1177 8.)
1124 1138 1143 1162 n
1166 1123 1448 1165 Jews-Christ
1478 1127 1540 1162 est
1571 1122 1680 1162 done

98 1203 264 1234 comme
282 1192 321 1233 le
341 1194 484 1232 centre
505 1191 608 1232 dans
627 1191 666 1232 le
685 1190 831 1240 cerole,
855 1194 896 1230 et
916 1190 974 1230 les
994 1189 1124 1230 desirs
1144 1189 1195 1230 de
1215 1193 1309 1228 tous
1328 1188 1389 1228 les
1417 1187 1550 1240 justes
1582 1189 1680 1227 sont

102 1269 266 1298 comme
285 1257 344 1297 les
363 1269 520 1309 rayons
539 1257 589 1296 de
609 1257 650 1296 la
669 1256 979 1296 circonference
1000 1254 1178 1294 tendant
1198 1254 1475 1294 directement
1507 1264 1600 1292 vers
1632 1263 1680 1293 ce

105 1325 263 1365 contre.
285 1324 362 1363 Les
381 1322 512 1362 desim
531 1324 573 1362 et
593 1321 652 1361 les
674 1321 994 1373 gemissements
1024 1320 1096 1359 des
1123 1319 1259 1371 justes
1291 1319 1342 1359 de
1376 1318 1610 1370 l'autiquite
1641 1317 1681 1358 le

105 1387 376 1440 regardaient
397 1398 558 1427 comme
580 1386 733 1427 devant
752 1385 998 1435 s’incurner,
1020 1397 1096 1425 nos
1128 1384 1258 1424 desire
1289 1388 1331 1424 et
1362 1395 1437 1423 nos
1481 1383 1680 1435 gemisse-

106 1455 243 1493 ments
262 1451 301 1492 le
321 1451 550 1504 regardent
567 1462 728 1491 comme
749 1451 903 1490 devant
926 1450 1047 1490 venir
1073 1449 1201 1502 juger
1232 1460 1333 1488 avec
1366 1448 1500 1499 gloire
1538 1451 1582 1488 et
1613 1449 1681 1488 re-

106 1528 344 1570 eompense.
367 1518 445 1557 Les
464 1515 593 1556 desirs
611 1516 683 1555 des
703 1516 871 1555 enciens
891 1515 1111 1554 tendaient
1130 1526 1222 1554 vers
1254 1513 1533 1553 l’avenement
1563 1516 1606 1553 et
1640 1512 1683 1553 la

106 1582 322 1623 naissanoe
342 1581 393 1621 de
412 1583 478 1621 cet
497 1580 679 1621 aimable
699 1580 847 1620 enfant
866 1579 969 1619 daus
995 1579 1036 1620 la
1054 1580 1135 1620 cite
1169 1582 1380 1627 terrestre,
1403 1590 1510 1618 nous
1542 1581 1681 1618 atten-

102 1647 211 1688 dons
230 1646 271 1686 la
289 1645 672 1686 bienheureureuse
692 1648 914 1699 esperanee
934 1648 976 1685 et
995 1644 1275 1685 l’avenement
1295 1644 1345 1684 de
1361 1643 1402 1683 la
1416 1643 1550 1695 gloire
1566 1643 1618 1683 de
1636 1654 1684 1684 ce

105 1711 240 1766 grand
259 1711 356 1751 bien
377 1711 482 1751 dans
502 1711 545 1751 la.
564 1710 642 1751 cite
663 1710 759 1751 d’eu
778 1711 896 1750 haut.
921 1710 1023 1751 Mais
1043 1723 1149 1750 nous
1168 1710 1306 1750 crions
1337 1713 1431 1749 tous
1464 1709 1536 1749 des
1567 1708 1683 1749 deux

101 1777 214 1818 cotes
236 1790 246 1817 :
272 1793 291 1814 «
312 1777 417 1817 Beni
437 1776 517 1817 soit
535 1776 643 1834 celui
663 1777 734 1830 qui
755 1776 872 1817 vient
891 1789 944 1816 au
965 1788 1065 1817 nom
1085 1776 1141 1816 du
1163 1776 1389 1827 Seigneur‚
1413 1789 1432 1812 »
1459 1777 1555 1814 tous
1575 1779 1683 1815 ceux

104 1841 178 1895 qui
189 1841 294 1883 l'ont
313 1842 506 1895 precede,
528 1854 692 1882 comme
712 1854 818 1882 nous
837 1842 962 1895 quite
977 1841 1163 1892 suivans,
1186 1852 1309 1894 parce
1324 1839 1425 1893 qu'il
1439 1842 1502 1879 est
1514 1839 1554 1879 le
1574 1841 1683 1880 Sau-

684 197 1012 232 mum„
1034 197 1081 230 ὓ.

102 2017 213 2054 quam
234 2006 436 2046 nobiseum
456 2008 869 2054 commoraridignatus

908 2018 986 2044 non
1008 2007 1134 2044 solum
1155 2011 1281 2043 autem
1302 2006 1490 2050 1nihi‚sed
1501 2010 1536 2042 et
1555 2005 1602 2041 iis
1616 2003 1684 2052 qui

102 2058 159 2092 est
190 2054 263 2092 hoo
294 2055 416 2092 brevis
448 2056 567 2093 nostri
595 2056 663 2093 aevi
685 2060 867 2102 tempore,

907 2055 1074 2101 diligunt
1093 2055 1298 2091 adventum
1319 2054 1412 2101 ejus.
1440 2067 1454 2086 ι
1475 2054 1538 2090 Est
1558 2053 1684 2099 itaque
1719 2053 1722 2057 '

102 2102 256 2139 tandem
286 2102 461 2149 dignetur
492 2114 563 2141 nos
594 2113 723 2140 seeum
756 2104 868 2140 cotto-

101 2150 251 2193 oare‚in
271 2160 480 2198 numquam
496 2151 734 2188 terminanda
754 2151 869 2187 AEter-

103 2197 307 2252 teruitate?
325 2198 386 2235 Sic
415 2209 503 2245 ergo
535 2198 783 2246 gemebundae
804 2210 868 2235 vo-

103 2254 167 2283 ces
186 2249 267 2281 tstae
292 2246 339 2283 ad
370 2256 529 2293 regnum
561 2246 695 2283 Christi
727 2246 868 2292 glorio-

103 2301 189 2330 sum
238 2303 355 2329 sacrae
392 2299 479 2331 sunt
522 2294 809 2340 adspirationes,
849 2305 870 2329 a

102 2338 281 2377 cordibus
300 2341 373 2388 piis
390 2342 438 2378 ad
467 2342 571 2379 hune
600 2352 759 2388 scopum
790 2341 869 2388 eia-

107 2386 294 2424 eulandae.
657 2413 660 2416 ⁴

151 2435 265 2472 Recte
282 2435 503 2472 observ-its.
522 2436 763 2482 Augustimus
783 2440 870 2473 ante

105 2482 316 2520 Adventum
347 2482 499 2527 Christi,
519 2484 693 2520 omnium
719 2485 871 2520 Sancto-

105 2539 189 2584 rum
209 2530 395 2567 desideria
414 2530 581 2568 fuissein
596 2531 714 2578 ipsius
735 2531 871 2568 Christi

107 2578 406 2622 incarnationem
421 2579 625 2615 tendentia.
638 2579 723 2615 Post
734 2580 870 2616 Christi

105 2633 190 2662 vno
225 2625 543 2669 incarnationem,
565 2627 795 2672 passionem,
819 2638 872 2663 re-

106 2674 678 2718 surrectionem‚ascensionem‚
698 2675 870 2711 omnium

105 2718 327 2758 Sanctorum
358 2721 543 2758 desideria
568 2732 651 2758 esse
670 2722 709 2758 in
730 2722 871 2758 Adven-

109 2770 189 2802 tum
207 2765 343 2804 Christi
363 2768 569 2814 gloriosum
602 2770 807 2812 tendentia,
832 2771 871 2806 in

108 2822 185 2867 quo
202 2813 366 2867 perfeeta
396 2816 467 2853 erit
500 2816 660 2853 felicitas
691 2817 872 2854 omnibus

135 2870 181 2914 ψ·
209 2870 295 2906 ejus
321 2863 523 2902 adveutum
562 2864 776 2901 dilexerint.
813 2865 872 2900 Sic

135 2911 201 2944 iott
220 2909 430 2963 Aposwius.
456 2926 469 2943 α
494 2911 668 2958 Reposita
696 2916 750 2948 est
780 2912 872 2948 mihi

104 2965 251 3010 emona
282 2961 454 3002 justum,
471 2969 584 3004 quam
623 2960 750 2996 reddet
778 2960 874 3001 mihi

112 3002 296 3040 Dominus
326 3004 369 3040 in
402 3003 467 3041 illa
497 3005 556 3043 die
584 3006 707 3052 Justus
729 3007 872 3053 judex;

907 2104 1016 2139 lesus
1037 2102 1212 2139 Christus
1230 2103 1329 2139 vetut
1351 2106 1525 2138 centrum
1547 2101 1587 2137 in
1608 2107 1683 2137 mo·

907 2151 970 2187 dio
991 2151 1330 2194 circumt’erentiae;
1352 2155 1388 2186 et
1407 2149 1581 2185 omnium
1606 2147 1685 2193 jus·

909 2203 1030 2235 torum
1051 2198 1237 2234 desideria
1267 2202 1355 2234 sunt
1387 2197 1487 2233 velut
1520 2196 1632 2232 lineae
1655 2205 1681 2232 ι

908 2246 1213 2282 circumferentia
1244 2245 1380 2288 ductae,
1402 2244 1598 2281 tendentes
1630 2242 1680 2280 ad

907 2298 1080 2330 centrum
1114 2294 1214 2329 istud
1245 2294 1399 2330 directe.
1429 2292 1682 2338 Antiquorum

905 2342 1094 2388 justorum
1113 2341 1297 2377 desideria
1316 2345 1352 2376 et
1372 2340 1532 2385 gemitus
1563 2338 1675 2375 ilium

909 2389 1173 2435 respiciebant,
1196 2393 1235 2425 ut
1255 2393 1452 2425 venturum
1475 2388 1515 2422 in
1534 2395 1673 2429 carue,

910 2442 1036 2473 nostra
1079 2447 1167 2473 vero
1206 2436 1392 2472 desideria
1429 2439 1465 2470 et
1512 2433 1677 2479 gemitus

909 2485 1018 2520 iilum
1039 2488 1209 2530 spectant
1230 2489 1269 2520 ut
1291 2488 1490 2519 venturum
1504 2481 1551 2518 ad
1566 2480 1674 2527 judi-

910 2534 1011 2568 cium
1033 2542 1119 2568 cuin
1138 2532 1258 2577 gloria
1287 2536 1322 2567 et
1354 2529 1540 2566 mercede.
1574 2527 1677 2565 Anti·

910 2590 1070 2626 quorum
1085 2579 1269 2615 desideria
1279 2576 1527 2624 expectabant
1539 2576 1676 2613 adven·

911 2632 991 2664 tum
1012 2631 1046 2663 et
1066 2631 1191 2663 ortum
1212 2625 1356 2672 parvuli
1370 2624 1547 2661 amabitis
1560 2624 1677 2661 nimis

910 2675 951 2711 in
972 2675 1120 2711 civitate
1140 2679 1311 2715 terrenzt;
1345 2683 1414 2709 nos
1433 2676 1677 2719 expectamus

911 2722 1056 2758 beatam
1088 2732 1209 2767 spem,
1239 2727 1274 2756 et
1304 2720 1508 2757 adventum
1546 2719 1679 2766 glorias

911 2770 1038 2816 magni
1062 2769 1126 2805 Dei
1148 2770 1188 2804 in
1208 2768 1356 2804 civitate
1380 2778 1557 2814 superna.
1580 2768 1678 2802 Into-

911 2818 983 2853 rim
1031 2827 1165 2853 omnes
1211 2815 1398 2861 utrimque
1429 2815 1638 2852 clamamus
1665 2823 1680 2851 ι

916 2880 928 2896 =‹
953 2865 1178 2900 Benedictus
1209 2863 1272 2908 qui
1303 2864 1405 2900 venit
1434 2863 1474 2899 in
1519 2861 1681 2899 nomine

915 2912 1078 2953 Domini,
1103 2925 1116 2941 ι
1171 2910 1249 2946 sive
1288 2911 1351 2957 qui
1404 2911 1680 2956 praecesserunt.

912 2969 1014 3002 eum,
1034 2959 1111 2994 sive
1132 2967 1201 2994 nos
1213 2958 1276 3004 qui
1294 2957 1574 3003 subsequimur,
1589 2956 1680 3003 quia

912 3007 992 3052 ipse
1012 3010 1064 3041 est
1094 3005 1260 3042 satvator
1286 3007 1455 3051 priorum
1481 3009 1516 3041 et
1549 3009 1678 3051 poste-
