1858 3184
212 158 291 197 286
629 166 677 195 Le
707 165 908 195 nii-moiun
935 165 1009 194 885
1038 155 1357 194 Paemcarauas.

266 246 310 285 2⁰
330 243 543 297 Pourquoi
562 245 756 285 Suzanne
775 242 942 283 est-elle
972 242 1137 283 trainee
1167 242 1324 283 devant
1341 254 1401 281 un
1419 240 1608 283 tribunal
1625 236 1734 296 pour
1753 256 1784 298 y

212 310 303 350 etre
320 309 498 362 lapidee,
511 309 632 349 sinon
643 317 773 361 'parce
793 319 875 360 que
889 307 931 347 la
941 307 1261 360 concupiscence
1274 308 1484 348 inveteree
1503 307 1576 348 des
1594 309 1783 350 mauvais

212 374 427 414 vieillards
446 386 495 414 en
502 374 640 413 durcis
661 374 766 413 sevit
779 376 922 412 contre
935 372 1014 412 elle
1029 373 1102 426 qui
1113 372 1271 412 n'avait
1291 384 1367 425 pas
1382 372 1512 412 voulu
1529 372 1749 414 l’assouvir
1762 374 1784 414 ⁴?

265 441 310 479 3ο
329 440 543 491 Pourquoi
573 438 792 478 l’Hetheen
821 438 936 490 Urie‚
959 438 1094 478 soldat
1123 437 1247 478 fidele
1268 439 1292 477 8
1310 449 1387 477 508
1418 437 1510 486 Roi,
1535 437 1650 478 fut-il
1679 439 1784 479 trai-

209 507 471 544 treusement
490 503 739 543 abandonne
758 515 835 555 par
854 504 892 543 le
913 507 1022 543 reste
1052 503 1125 543 des
1157 506 1328 555 troupes
1346 505 1389 542 et
1407 505 1494 552 tue,
1515 502 1639 543 sinon
1660 516 1784 556 parce

212 581 296 622 que
316 568 356 608 la
375 569 697 620 eoncupiscenee
716 569 768 607 de
785 568 921 612 David
941 568 1055 608 avait
1073 568 1231 620 inspire
1249 570 1359 608 cette
1378 567 1608 608 resolution
1627 568 1786 610 abomi-

209 634 337 674 nahle
361 637 404 673 et
431 634 600 681 eruelle,
622 645 729 686 pour
746 634 924 686 pouvoir
954 634 1180 686 s’emparer
1213 634 1264 673 de
1294 633 1479 683 l'epouse
1499 633 1656 682 d⁷Urie,
1678 634 1784 674 Ber-

213 699 368 740 sabee?

267 765 380 803 Dans
398 763 600 803 l'histoire
621 763 948 816 ecclesiamque,
970 776 1073 804 vous
1097 766 1317 805 trouver-ez
1337 763 1577 817 egelement
1595 764 1694 804 bien
1713 764 1786 805 des

211 828 450 868 imitateurs
468 829 518 868 (18
541 830 663 878 Jean,
686 829 788 868 dans
806 829 845 868 18
864 841 972 881 sang
992 829 1042 869 de
1063 829 1136 881 qui
1168 830 1227 869 les
1262 829 1470 869 adulteres
1490 833 1532 869 et
1550 828 1610 869 les
1628 829 1785 869 courti-

212 905 332 933 sanes
353 906 394 934 se
415 898 508 933 sont
527 894 717 946 baignes,
740 905 865 946 parce
885 894 1007 946 qu’ils
1027 894 1193 934 avaient
1215 895 1442 935 fortement
1460 894 1608 934 resiste
1634 906 1687 934 en
1707 906 1783 947 pa-

211 959 321 999 roles
341 962 385 998 et
402 971 453 999 en
472 955 588 999 ’88185
608 961 633 998 a
651 959 764 999 leurs
783 971 953 999 amours
971 959 1258 1011 impudiques.

266 1026 308 1063 1⁰
329 1025 451 1065 Saint
471 1024 690 1074 Matthieu‚
708 1025 868 1076 apen-e,
887 1025 1076 1065 defendit
1089 1037 1190 1064 avec
1202 1037 1260 1064 un
1278 1025 1414 1076 grand
1434 1024 1521 1065 zele
1540 1025 1582 1064 18
1601 1024 1786 1065 chastete

210 1089 325 1137 dela
342 1089 489 1141 vierge
521 1089 665 1140 royale
697 1089 933 1141 Iphigenie‚
956 1101 1038 1141 que
1066 1089 1230 1130 celle-ci
1249 1090 1376 1140 avait,
1400 1102 1470 1129 sur
1502 1102 1576 1129 son
1610 1089 1782 1139 8085811,

190 1162 193 1164 ’
211 1156 344 1193 vouee
365 1166 419 1194 au
435 1155 658 1206 Seigneur,
675 1158 819 1194 contre
838 1154 877 1194 le
898 1154 975 1194 Roi
989 1155 1198 1203 Hirtam-us,
1214 1154 1287 1207 qui
1302 1154 1476 1194 l’aimait
1488 1154 1782 1207 eperdUment.

211 1220 269 1260 Le
290 1219 367 1259 Roi
386 1219 556 1259 furieux
576 1219 614 1258 le
633 1218 681 1258 fit
701 1225 795 1259 tuer
815 1221 840 1259 8
860 1219 1018 1270 1’88181,
1033 1220 1220 1272 pendant
1239 1219 1342 1272 qu'il
1355 1219 1556 1259 celebrait
1574 1219 1634 1260 les
1653 1219 1784 1259 saints

210 1286 429 1336 mysteres.
450 1285 570 1324 Ainsi
589 1284 627 1324 le
646 1284 797 1324 beraut
816 1284 867 1324 de
888 1284 928 1324 la
948 1285 1148 1336 virginite
1167 1288 1210 1325 et
1229 1284 1268 1324 18
1287 1287 1431 1324 tuteur
1451 1284 1501 1324 (18
1522 1284 1564 1324 18
1582 1284 1785 1337 virginite

210 1349 358 1389 resista
374 1349 574 1402 jusqu'au
593 1361 698 1401 sang
718 1351 744 1389 a
762 1350 803 1389 la
828 1350 1153 1402 concupiscence
1184 1349 1385 1401 d’autrui,
1407 1353 1449 1390 et
1480 1349 1690 1390 s’immola
1706 1361 1783 1390 vo-

210 1414 381 1454 lontiers
401 1426 562 1454 comme
581 1426 665 1454 une
685 1414 853 1455 victime
874 1415 925 1455 de
946 1415 987 1455 la
1006 1415 1207 1455 chastete.

264 1481 308 1518 2⁰
329 1479 450 1520 Saint
478 1479 689 1528 Lambert,
711 1482 864 1531 patron
896 1480 947 1520 de
979 1484 1101 1520 notre
1133 1480 1310 1529 diocese,
1333 1482 1454 1533 apres
1484 1480 1602 1521 avoir
1635 1492 1785 1533 grave-

210 1547 331 1584 ment
349 1547 393 1584 et
411 1544 719 1596 frequemment
739 1545 885 1596 repris,
909 1547 934 1584 8
952 1545 1174 1597 l'exemple
1204 1546 1254 1585 de
1281 1546 1611 1598 Jean-Baptiste‚
1634 1545 1779 1598 Pepin,

210 1609 277 1649 roi
295 1609 568 1659 d’Austrasie,
588 1610 639 1649 de
659 1621 704 1649 ee
725 1610 830 1662 qu'il
850 1610 962 1650 avait
981 1612 1133 1662 epouse
1153 1612 1312 1662 Alpa'is,
1334 1613 1455 1663 apres
1474 1611 1591 1651 avoir
1610 1610 1785 1663 repudie

209 1674 447 1724 Plectrude,
468 1686 514 1713 sa
532 1674 722 1726 legitime
742 1676 910 1726 epouse,
934 1674 1001 1714 fut
1019 1687 1071 1715 en
1092 1675 1211 1715 butte
1233 1687 1318 1715 aux
1335 1675 1645 1715 machinations
1665 1675 1782 1716 d'Al-

208 1744 316 1792 pais,
338 1739 411 1792 qui
437 1739 477 1779 18
506 1739 554 1778 fit
585 1743 738 1779 mettre
757 1741 782 1778 a
801 1744 926 1790 mort,
948 1751 1025 1792 par
1045 1752 1120 1779 son
1141 1740 1251 1780 frere
1270 1740 1438 1790 Dotion,
1472 1740 1576 1781 dans
1601 1740 1781 1793 l’eglise,

211 1804 399 1857 pendant
431 1804 533 1857 qu’il
562 1804 703 1856 priait.
727 1805 759 1845 O
780 1806 935 1854 venus,
958 1806 1173 1845 mauvaise
1205 1805 1465 1856 conseillere,
1492 1806 1609 1846 vraie
1641 1806 1783 1846 deesse

209 1869 284 1921 qui
304 1869 511 1918 machine,
535 1882 588 1909 ou
610 1869 762 1922 plutet,
785 1870 810 1909 ὀ
830 1870 940 1910 fur-ie
959 1870 1195 1911 infernalel

209 2016 379 2063 dimittit,
410 2028 458 2054 ne
488 2021 646 2054 attractu
680 2018 823 2055 nefario
844 2022 976 2055 eonta-

210 2065 410 2101 minetur?
429 2065 464 2101 2.
488 2066 560 2102 Cur
579 2067 752 2102 Susanna
779 2066 825 2102 ad
855 2066 977 2102 tribu-

210 2112 278 2149 1181
297 2113 453 2158 rapitur,
476 2112 663 2159 lapidibus
694 2124 781 2150 mox
811 2113 977 2150 obruen-

210 2159 274 2205 da,
298 2160 372 2197 nisi
400 2161 487 2214 quia
520 2161 624 2197 saevit
652 2161 855 2198 inveterata
883 2172 977 2199 con-

213 2207 449 2254 cupiscentia
499 2208 791 2245 inveteratorum
830 2209 977 2245 dierum

209 2254 415 2298 malorum,
437 2265 549 2300 quarn
570 2267 613 2292 88
632 2256 838 2293 obsistente
870 2266 977 2294 com-

240 2301 317 2339 lere
337 2313 415 2339 non
462 2306 733 2340 ›oluerunt?3.
768 2307 840 2340 Cin·
874 2304 978 2341 Urias

249 2350 391 2386 ethaeus
412 2349 434 2386 11
465 2350 533 2385 elis
555 2350 643 2395 Regi
665 2352 774 2387 miles
806 2352 857 2388 ita
885 2351 977 2388 sul)-

213 2397 299 2434 dole
319 2409 341 2434 a
362 2397 516 2444 reliquis
541 2398 661 2444 copiis
680 2399 881 2436 derelictus
910 2410 975 2446 pe-

213 2445 378 2490 rimitur,
400 2444 472 2481 nisi
493 2445 579 2492 quia
614 2446 760 2482 Davidis
791 2447 977 2493 concupi-

213 2493 357 2530 scentia
379 2493 584 2540 pessimum
608 2493 678 2530 hoc
708 2499 744 2530 81
777 2499 976 2531 cruentum

214 2545 388 2587 suggerat
436 2540 655 2585 consilium,
706 2546 745 2578 ut
795 2542 976 2588 potiretur

214 2587 398 2625 Bersabee
418 2588 499 2634 eJus
521 2597 648 2625 uxore.

264 2635 307 2672 ln
329 2635 601 2673 Ecclesiasticis
629 2646 778 2683 quoque
811 2635 976 2672 historiis

214 2692 294 2720 non
316 2694 455 2729 paucos
486 2683 648 2729 reperies
667 2683 825 2720 loannis
849 2683 974 2720 imita-

213 2734 327 2777 tores,
350 2731 388 2767 in
410 2741 569 2777 «fluorum
589 2731 773 2776 sanguine
802 2742 840 2768 se
874 2732 975 2768 lave-

214 2782 304 2815 runt
321 2778 480 2814 adulteri
502 2784 536 2814 et
558 2779 786 2823 meretrices,
806 2790 850 2816 eo
877 2778 975 2826 qued

214 2824 285 2879 ipsi
308 2826 448 2862 fortiter
470 2826 692 2864 meretriciis
711 2836 840 2863 eorum
867 2837 974 2863 amo-

215 2872 318 2910 ribus
339 2883 428 2910 voce
447 2878 482 2909 et
503 2874 634 2920 spiritu
659 2874 884 2911 resisterent.

262 2920 459 2957 isaacius
474 2921 667 2958 Matthaeus
678 2921 873 2968 Apostolus
887 2931 974 2959 cum

216 2966 422 3011 iphigeniae
444 2969 597 3013 virginis
619 2970 729 3015 regias
749 2969 973 3015 castitatem,

1017 2028 1129 2065 quam
1150 2019 1231 2065 ejus
1261 2018 1422 2056 consilio
1448 2023 1611 2064 voverat,
1632 2023 1778 2056 tutare-

1017 2070 1075 2102 tur
1101 2076 1241 2112 magno
1272 2067 1350 2103 zelo
1375 2067 1553 2103 adversus
1589 2066 1782 2103 llirtacum

1017 2113 1168 2158 Regem,
1190 2114 1253 2160 qui
1286 2115 1326 2150 in
1358 2114 1439 2161 ejus
1468 2124 1637 2151 amorem
1668 2124 1781 2150 exar-

1015 2165 1126 2204 serat,
1156 2160 1203 2197 ab
1224 2161 1290 2198 illo
1312 2161 1490 2207 mysteria
1521 2171 1627 2198 sacra
1660 2161 1700 2198 in
1720 2161 1779 2198 al-

1016 2208 1084 2245 tari
1122 2208 1332 2253 celebrans,
1356 2209 1483 2254 jussus
1515 2213 1570 2245 est
1602 2209 1779 2246 interlici-

1015 2256 1075 2293 Sie
1115 2255 1279 2292 veritatis
1311 2266 1449 2303 proeeo,
1483 2260 1518 2292 et
1557 2256 1782 2303 virginitatis

1017 2308 1115 2340 tutor
1163 2303 1299 2340 aliena}
1362 2303 1684 2350 concupiscentias
1734 2304 1783 2341 ad

1017 2350 1238 2397 sanguinem
1263 2361 1379 2398 usque
1400 2351 1549 2396 restitit,
1565 2356 1601 2388 et
1621 2363 1659 2389 58
1681 2356 1782 2389 tam-

1016 2408 1128 2446 quam
1147 2398 1329 2436 castitatis
1349 2399 1542 2436 victimam
1558 2399 1693 2436 lubens
1713 2399 1781 2436 im-

1018 2446 1182 2483 molavit.

1061 2494 1097 2531 2.
1119 2494 1277 2531 Sanetus
1317 2492 1551 2539 LainliertuS,
1598 2494 1778 2531 l)imcesis

1018 2546 1154 2578 nostrae
1175 2541 1372 2586 Patronus,
1388 2551 1476 2578 cnm
1492 2541 1668 2588 l’ipinum
1690 2542 1780 2579 Aus-

1016 2588 1137 2626 trasiae
1166 2588 1301 2634 Regem
1326 2587 1444 2625 instar
1476 2589 1634 2626 ,loannis
1654 2589 1780 2637 gravi-

1016 2641 1069 2673 ter
1106 2641 1142 2674 et
1180 2636 1392 2682 frequenter
1442 2642 1627 2684 argueret,
1679 2636 1780 2685 quod

1017 2683 1200 2721 l’lectrudi
1223 2683 1397 2727 legitimas
1418 2685 1525 2721 uxori
1547 2684 1693 2731 rejectae
1714 2684 1778 2721 ΛΙ-

1015 2731 1161 2778 paidem
1202 2731 1496 2778 superduxisset,
1538 2732 1780 2779 postmodum

1015 2778 1193 2816 moliente
1213 2778 1246 2815 ei
1271 2789 1402 2815 necem
1429 2780 1597 2827 Alpaide‚
1618 2779 1665 2817 ab
1697 2779 1779 2825 ejus

1015 2826 1125 2863 fratre
1175 2826 1327 2862 Dodone
1372 2826 1411 2863 in
1456 2827 1617 2865 eeclesia
1666 2837 1778 2865 orans

1014 2873 1217 2910 transfixus
1249 2877 1316 2910 est.
1341 2875 1370 2908 0
1393 2874 1610 2912 malesuada
1639 2875 1776 2919 Venus,

1016 2921 1088 2957 Dea
1127 2931 1210 2958 vere
1249 2921 1512 2968 Machinatrix,
1564 2927 1628 2960 aut
1653 2920 1776 2970 potius

1016 2968 1124 3005 Furia
1146 2968 1361 3006 infernalis!
