<?xml version="1.0" encoding="UTF-8"?>
<!DOCTYPE html PUBLIC "-//W3C//DTD XHTML 1.0 Transitional//EN"
    "http://www.w3.org/TR/xhtml1/DTD/xhtml1-transitional.dtd">
<html xmlns="http://www.w3.org/1999/xhtml" xml:lang="en" lang="en">
 <head>
  <title>
</title>
<meta http-equiv="Content-Type" content="text/html;charset=utf-8" />
  <meta name='ocr-system' content='tesseract 3.04.00' />
  <meta name='ocr-capabilities' content='ocr_page ocr_carea ocr_par ocr_line ocrx_word'/>
</head>
<body>
  <div class='ocr_page' id='page_1' title='image "./lerationaldespr01marc_0035.png"; bbox 0 0 1858 3184; ppageno 0'>
   <div class='ocr_carea' id='block_1_1' title="bbox 0 1877 22 2525">
    <p class='ocr_par' dir='ltr' id='par_1_1' title="bbox 0 1877 22 2525">
     <span class='ocr_line' id='line_1_1' title="bbox 0 1877 14 2525; textangle 90"><span class='ocrx_word' id='word_1_1' title='bbox 0 2515 4 2525; x_wconf 43' lang='grc' dir='ltr'><strong>Ἴ</strong></span> <span class='ocrx_word' id='word_1_2' title='bbox 0 2448 7 2498; x_wconf 43' lang='lat' dir='ltr'><strong>*-v</strong></span> <span class='ocrx_word' id='word_1_3' title='bbox 0 2398 5 2433; x_wconf 43' lang='grc' dir='ltr'><strong>’γ’</strong></span> <span class='ocrx_word' id='word_1_4' title='bbox 0 2061 14 2383; x_wconf 47' lang='lat' dir='ltr'><strong>³⁴·v2-‚v--</strong></span> <span class='ocrx_word' id='word_1_5' title='bbox 0 2025 3 2039; x_wconf 56' lang='lat' dir='ltr'>v</span> <span class='ocrx_word' id='word_1_6' title='bbox 2 1988 6 1996; x_wconf 69' lang='lat'>&lt;</span> <span class='ocrx_word' id='word_1_7' title='bbox 0 1903 8 1917; x_wconf 60' lang='lat' dir='ltr'>x</span> <span class='ocrx_word' id='word_1_8' title='bbox 0 1877 3 1885; x_wconf 60' lang='lat'><em>*</em></span> 
     </span>
     <span class='ocr_line' id='line_1_2' title="bbox 15 2444 22 2450; textangle 90"><span class='ocrx_word' id='word_1_9' title='bbox 15 2444 22 2450; x_wconf 79' lang='grc' dir='ltr'><strong><em>ι</em></strong></span> 
     </span>
    </p>
   </div>
   <div class='ocr_carea' id='block_1_2' title="bbox 825 147 1713 193">
    <p class='ocr_par' dir='ltr' id='par_1_2' title="bbox 825 147 1713 193">
     <span class='ocr_line' id='line_1_3' title="bbox 825 147 1713 193; baseline 0.005 -4"><span class='ocrx_word' id='word_1_10' title='bbox 825 147 1018 190; x_wconf 60' lang='lat' dir='ltr'><strong>vuum.</strong></span> <span class='ocrx_word' id='word_1_11' title='bbox 1657 149 1713 193; x_wconf 60' lang='lat'><em>8</em></span> 
     </span>
    </p>
   </div>
   <div class='ocr_carea' id='block_1_3' title="bbox 132 236 1711 1333">
    <p class='ocr_par' dir='ltr' id='par_1_3' title="bbox 136 236 1711 615">
     <span class='ocr_line' id='line_1_4' title="bbox 138 236 1711 290; baseline -0.003 -9"><span class='ocrx_word' id='word_1_12' title='bbox 138 239 387 282; x_wconf 73' lang='lat' dir='ltr'><strong>t&#39;execution</strong></span> <span class='ocrx_word' id='word_1_13' title='bbox 405 237 458 279; x_wconf 87' lang='lat' dir='ltr'><strong>de</strong></span> <span class='ocrx_word' id='word_1_14' title='bbox 475 239 585 279; x_wconf 79' lang='lat' dir='ltr'><strong>cette</strong></span> <span class='ocrx_word' id='word_1_15' title='bbox 605 237 765 290; x_wconf 76' lang='lat' dir='ltr'><strong>grande</strong></span> <span class='ocrx_word' id='word_1_16' title='bbox 782 249 943 287; x_wconf 85' lang='lat' dir='ltr'><strong>oeuvre,</strong></span> <span class='ocrx_word' id='word_1_17' title='bbox 960 237 1046 278; x_wconf 88' lang='lat' dir='ltr'><strong>moi</strong></span> <span class='ocrx_word' id='word_1_18' title='bbox 1065 237 1099 277; x_wconf 84' lang='lat' dir='ltr'><strong>si</strong></span> <span class='ocrx_word' id='word_1_19' title='bbox 1118 236 1339 290; x_wconf 81' lang='grc'><strong>1888881118</strong></span> <span class='ocrx_word' id='word_1_20' title='bbox 1357 241 1400 277; x_wconf 84' lang='grc'><strong>81</strong></span> <span class='ocrx_word' id='word_1_21' title='bbox 1418 237 1453 277; x_wconf 81' lang='lat' dir='ltr'><strong>si</strong></span> <span class='ocrx_word' id='word_1_22' title='bbox 1471 237 1711 279; x_wconf 65' lang='grc'><strong>1115815881</strong></span> 
     </span>
     <span class='ocr_line' id='line_1_5' title="bbox 137 301 1707 358; baseline 0 -13"><span class='ocrx_word' id='word_1_23' title='bbox 137 316 244 358; x_wconf 81' lang='lat' dir='ltr'><strong>pour</strong></span> <span class='ocrx_word' id='word_1_24' title='bbox 262 316 347 346; x_wconf 85' lang='lat' dir='ltr'><strong>nne</strong></span> <span class='ocrx_word' id='word_1_25' title='bbox 364 301 536 357; x_wconf 76' lang='lat' dir='ltr'><strong>parente</strong></span> <span class='ocrx_word' id='word_1_26' title='bbox 555 301 760 343; x_wconf 81' lang='lat' dir='ltr'><strong>mission?</strong></span> <span class='ocrx_word' id='word_1_27' title='bbox 777 303 826 343; x_wconf 84' lang='lat' dir='ltr'><strong>Je</strong></span> <span class='ocrx_word' id='word_1_28' title='bbox 847 303 934 343; x_wconf 80' lang='lat' dir='ltr'><strong>suis</strong></span> <span class='ocrx_word' id='word_1_29' title='bbox 953 301 1095 353; x_wconf 82' lang='lat' dir='ltr'><strong>faible‚</strong></span> <span class='ocrx_word' id='word_1_30' title='bbox 1114 302 1378 355; x_wconf 78' lang='lat' dir='ltr'><strong>impuissant,</strong></span> <span class='ocrx_word' id='word_1_31' title='bbox 1401 302 1490 342; x_wconf 85' lang='lat' dir='ltr'><strong>lent</strong></span> <span class='ocrx_word' id='word_1_32' title='bbox 1509 305 1534 342; x_wconf 71' lang='grc'><strong>8</strong></span> <span class='ocrx_word' id='word_1_33' title='bbox 1552 302 1707 356; x_wconf 75' lang='lat' dir='ltr'><strong>parler,</strong></span> 
     </span>
     <span class='ocr_line' id='line_1_6' title="bbox 138 367 1710 423; baseline -0.001 -12"><span class='ocrx_word' id='word_1_34' title='bbox 138 381 237 411; x_wconf 73' lang='grc'><strong>8885</strong></span> <span class='ocrx_word' id='word_1_35' title='bbox 255 369 499 423; x_wconf 65' lang='grc'><strong>8108881188,</strong></span> <span class='ocrx_word' id='word_1_36' title='bbox 520 379 617 407; x_wconf 81' lang='lat' dir='ltr'><strong>sans</strong></span> <span class='ocrx_word' id='word_1_37' title='bbox 635 367 914 418; x_wconf 79' lang='lat' dir='ltr'><strong>saveir-faire,</strong></span> <span class='ocrx_word' id='word_1_38' title='bbox 936 371 977 408; x_wconf 89' lang='grc'><strong>81</strong></span> <span class='ocrx_word' id='word_1_39' title='bbox 991 367 1036 420; x_wconf 86' lang='lat' dir='ltr'><strong>je</strong></span> <span class='ocrx_word' id='word_1_40' title='bbox 1056 367 1140 407; x_wconf 77' lang='lat' dir='ltr'><strong>sais</strong></span> <span class='ocrx_word' id='word_1_41' title='bbox 1160 379 1244 420; x_wconf 83' lang='lat' dir='ltr'><strong>que</strong></span> <span class='ocrx_word' id='word_1_42' title='bbox 1263 379 1368 407; x_wconf 85' lang='lat' dir='ltr'><strong>vous</strong></span> <span class='ocrx_word' id='word_1_43' title='bbox 1387 367 1515 407; x_wconf 87' lang='lat' dir='ltr'><strong>devez</strong></span> <span class='ocrx_word' id='word_1_44' title='bbox 1545 380 1599 408; x_wconf 91' lang='grc'><strong>88</strong></span> <span class='ocrx_word' id='word_1_45' title='bbox 1633 380 1710 409; x_wconf 87' lang='grc'><strong>88-</strong></span> 
     </span>
     <span class='ocr_line' id='line_1_7' title="bbox 137 432 1710 487; baseline -0.003 -11"><span class='ocrx_word' id='word_1_46' title='bbox 137 447 267 487; x_wconf 76' lang='lat' dir='ltr'><strong>voyer</strong></span> <span class='ocrx_word' id='word_1_47' title='bbox 286 446 345 475; x_wconf 86' lang='lat' dir='ltr'><strong>un</strong></span> <span class='ocrx_word' id='word_1_48' title='bbox 364 438 499 483; x_wconf 78' lang='lat' dir='ltr'><strong>autre,</strong></span> <span class='ocrx_word' id='word_1_49' title='bbox 522 433 624 472; x_wconf 84' lang='lat' dir='ltr'><strong>dont</strong></span> <span class='ocrx_word' id='word_1_50' title='bbox 642 432 682 473; x_wconf 90' lang='lat' dir='ltr'><strong>le</strong></span> <span class='ocrx_word' id='word_1_51' title='bbox 700 445 802 473; x_wconf 88' lang='lat' dir='ltr'><strong>nom</strong></span> <span class='ocrx_word' id='word_1_52' title='bbox 833 436 895 473; x_wconf 82' lang='lat' dir='ltr'><strong>est</strong></span> <span class='ocrx_word' id='word_1_53' title='bbox 927 432 1146 486; x_wconf 68' lang='lat' dir='ltr'><strong>l&#39;Envoye!</strong></span> <span class='ocrx_word' id='word_1_54' title='bbox 1169 432 1262 473; x_wconf 76' lang='lat' dir='ltr'><strong>Ah!</strong></span> <span class='ocrx_word' id='word_1_55' title='bbox 1298 432 1521 484; x_wconf 83' lang='lat' dir='ltr'><strong>Seigncur,</strong></span> <span class='ocrx_word' id='word_1_56' title='bbox 1541 432 1585 484; x_wconf 90' lang='lat' dir='ltr'><strong>je</strong></span> <span class='ocrx_word' id='word_1_57' title='bbox 1605 444 1710 472; x_wconf 77' lang='lat' dir='ltr'><strong>vous</strong></span> 
     </span>
     <span class='ocr_line' id='line_1_8' title="bbox 137 496 1711 552; baseline -0.002 -12"><span class='ocrx_word' id='word_1_58' title='bbox 137 512 189 540; x_wconf 86' lang='grc'><strong>811</strong></span> <span class='ocrx_word' id='word_1_59' title='bbox 210 498 385 552; x_wconf 82' lang='grc'><strong>5888118,</strong></span> <span class='ocrx_word' id='word_1_60' title='bbox 401 496 642 550; x_wconf 88' lang='lat' dir='ltr'><strong>envoyez-le</strong></span> <span class='ocrx_word' id='word_1_61' title='bbox 662 497 781 538; x_wconf 85' lang='lat' dir='ltr'><strong>Celui</strong></span> <span class='ocrx_word' id='word_1_62' title='bbox 801 498 873 550; x_wconf 90' lang='lat' dir='ltr'><strong>qui</strong></span> <span class='ocrx_word' id='word_1_63' title='bbox 892 500 954 538; x_wconf 86' lang='lat' dir='ltr'><strong>est</strong></span> <span class='ocrx_word' id='word_1_64' title='bbox 973 500 1066 537; x_wconf 85' lang='lat' dir='ltr'><strong>tant</strong></span> <span class='ocrx_word' id='word_1_65' title='bbox 1080 497 1215 538; x_wconf 76' lang='lat' dir='ltr'><strong>desire</strong></span> <span class='ocrx_word' id='word_1_66' title='bbox 1234 502 1275 538; x_wconf 90' lang='grc'><strong>81</strong></span> <span class='ocrx_word' id='word_1_67' title='bbox 1295 497 1369 550; x_wconf 84' lang='lat' dir='ltr'><strong>qui</strong></span> <span class='ocrx_word' id='word_1_68' title='bbox 1383 509 1409 536; x_wconf 86' lang='grc'><strong>8</strong></span> <span class='ocrx_word' id='word_1_69' title='bbox 1421 499 1487 538; x_wconf 78' lang='lat' dir='ltr'><strong>ete</strong></span> <span class='ocrx_word' id='word_1_70' title='bbox 1508 497 1667 549; x_wconf 81' lang='lat' dir='ltr'><strong>promis</strong></span> <span class='ocrx_word' id='word_1_71' title='bbox 1686 499 1711 537; x_wconf 69' lang='grc'><strong>8</strong></span> 
     </span>
     <span class='ocr_line' id='line_1_9' title="bbox 136 562 1266 615; baseline -0.003 -10"><span class='ocrx_word' id='word_1_72' title='bbox 136 577 212 606; x_wconf 79' lang='lat' dir='ltr'><strong>nos</strong></span> <span class='ocrx_word' id='word_1_73' title='bbox 230 565 369 604; x_wconf 75' lang='lat' dir='ltr'><strong>Feres.</strong></span> <span class='ocrx_word' id='word_1_74' title='bbox 393 564 503 603; x_wconf 86' lang='lat' dir='ltr'><strong>Pour</strong></span> <span class='ocrx_word' id='word_1_75' title='bbox 520 563 621 611; x_wconf 77' lang='lat' dir='ltr'><strong>moi,</strong></span> <span class='ocrx_word' id='word_1_76' title='bbox 645 562 908 615; x_wconf 80' lang='lat' dir='ltr'><strong>l&#39;ineapabte,</strong></span> <span class='ocrx_word' id='word_1_77' title='bbox 931 562 1266 615; x_wconf 81' lang='lat' dir='ltr'><strong>renvoyez-moi.</strong></span> 
     </span>
    </p>

    <p class='ocr_par' dir='ltr' id='par_1_4' title="bbox 132 626 1711 1333">
     <span class='ocr_line' id='line_1_10' title="bbox 189 626 1709 680; baseline 0 -12"><span class='ocrx_word' id='word_1_78' title='bbox 189 628 287 669; x_wconf 86' lang='lat' dir='ltr'><strong>Plus</strong></span> <span class='ocrx_word' id='word_1_79' title='bbox 304 628 413 678; x_wconf 84' lang='lat' dir='ltr'><strong>tard,</strong></span> <span class='ocrx_word' id='word_1_80' title='bbox 434 626 583 680; x_wconf 89' lang='lat' dir='ltr'><strong>lorque</strong></span> <span class='ocrx_word' id='word_1_81' title='bbox 602 627 707 667; x_wconf 90' lang='lat' dir='ltr'><strong>Dieu</strong></span> <span class='ocrx_word' id='word_1_82' title='bbox 727 628 925 679; x_wconf 82' lang='lat' dir='ltr'><strong>envoynit</strong></span> <span class='ocrx_word' id='word_1_83' title='bbox 945 628 1039 679; x_wconf 67' lang='lat' dir='ltr'><strong>dcja</strong></span> <span class='ocrx_word' id='word_1_84' title='bbox 1059 640 1133 666; x_wconf 88' lang='lat' dir='ltr'><strong>son</strong></span> <span class='ocrx_word' id='word_1_85' title='bbox 1156 627 1222 667; x_wconf 84' lang='lat' dir='ltr'><strong>fils</strong></span> <span class='ocrx_word' id='word_1_86' title='bbox 1241 639 1403 668; x_wconf 90' lang='lat' dir='ltr'><strong>comme</strong></span> <span class='ocrx_word' id='word_1_87' title='bbox 1433 627 1533 667; x_wconf 86' lang='lat' dir='ltr'><strong>chef</strong></span> <span class='ocrx_word' id='word_1_88' title='bbox 1557 627 1608 666; x_wconf 92' lang='lat' dir='ltr'><strong>de</strong></span> <span class='ocrx_word' id='word_1_89' title='bbox 1633 639 1709 668; x_wconf 79' lang='lat' dir='ltr'><strong>son</strong></span> 
     </span>
     <span class='ocr_line' id='line_1_11' title="bbox 134 691 1707 747; baseline -0.001 -13"><span class='ocrx_word' id='word_1_90' title='bbox 134 692 300 747; x_wconf 81' lang='lat' dir='ltr'><strong>peuple,</strong></span> <span class='ocrx_word' id='word_1_91' title='bbox 323 692 428 733; x_wconf 82' lang='lat' dir='ltr'><strong>mais</strong></span> <span class='ocrx_word' id='word_1_92' title='bbox 446 691 546 733; x_wconf 89' lang='lat' dir='ltr'><strong>chef</strong></span> <span class='ocrx_word' id='word_1_93' title='bbox 562 691 770 741; x_wconf 81' lang='lat' dir='ltr'><strong>invisible,</strong></span> <span class='ocrx_word' id='word_1_94' title='bbox 793 698 835 733; x_wconf 85' lang='lat' dir='ltr'><strong>et</strong></span> <span class='ocrx_word' id='word_1_95' title='bbox 854 693 958 745; x_wconf 87' lang='lat' dir='ltr'><strong>qu&#39;it</strong></span> <span class='ocrx_word' id='word_1_96' title='bbox 978 692 1017 732; x_wconf 92' lang='grc'><strong>18</strong></span> <span class='ocrx_word' id='word_1_97' title='bbox 1035 693 1280 745; x_wconf 82' lang='grc'><strong>81818811811</strong></span> <span class='ocrx_word' id='word_1_98' title='bbox 1299 705 1395 732; x_wconf 81' lang='lat' dir='ltr'><strong>sous</strong></span> <span class='ocrx_word' id='word_1_99' title='bbox 1414 691 1453 732; x_wconf 82' lang='lat' dir='ltr'><strong>le</strong></span> <span class='ocrx_word' id='word_1_100' title='bbox 1474 704 1574 732; x_wconf 90' lang='lat' dir='ltr'><strong>nom</strong></span> <span class='ocrx_word' id='word_1_101' title='bbox 1607 692 1707 732; x_wconf 90' lang='lat' dir='ltr'><strong>d&#39;un</strong></span> 
     </span>
     <span class='ocr_line' id='line_1_12' title="bbox 136 751 1708 811; baseline -0.001 -12"><span class='ocrx_word' id='word_1_102' title='bbox 136 760 257 811; x_wconf 65' lang='lat' dir='ltr'><strong>Ange</strong></span> <span class='ocrx_word' id='word_1_103' title='bbox 275 770 330 798; x_wconf 93' lang='lat' dir='ltr'><strong>ou</strong></span> <span class='ocrx_word' id='word_1_104' title='bbox 350 757 450 798; x_wconf 89' lang='lat' dir='ltr'><strong>d&#39;un</strong></span> <span class='ocrx_word' id='word_1_105' title='bbox 471 757 707 798; x_wconf 82' lang='lat' dir='ltr'><strong>lientenant</strong></span> <span class='ocrx_word' id='word_1_106' title='bbox 726 751 953 811; x_wconf 75' lang='lat' dir='ltr'><strong>precedant</strong></span> <span class='ocrx_word' id='word_1_107' title='bbox 972 757 1011 798; x_wconf 91' lang='lat' dir='ltr'><strong>le</strong></span> <span class='ocrx_word' id='word_1_108' title='bbox 1031 770 1168 811; x_wconf 85' lang='lat' dir='ltr'><strong>camp,</strong></span> <span class='ocrx_word' id='word_1_109' title='bbox 1193 759 1320 798; x_wconf 73' lang='lat' dir='ltr'><strong>moise</strong></span> <span class='ocrx_word' id='word_1_110' title='bbox 1348 762 1411 798; x_wconf 89' lang='lat' dir='ltr'><strong>est</strong></span> <span class='ocrx_word' id='word_1_111' title='bbox 1439 757 1632 798; x_wconf 76' lang='grc'><strong>8111111858</strong></span> <span class='ocrx_word' id='word_1_112' title='bbox 1651 757 1708 798; x_wconf 83' lang='lat' dir='ltr'><strong>du</strong></span> 
     </span>
     <span class='ocr_line' id='line_1_13' title="bbox 132 822 1710 874; baseline -0.001 -9"><span class='ocrx_word' id='word_1_113' title='bbox 132 823 245 866; x_wconf 69' lang='lat' dir='ltr'><strong>desii·</strong></span> <span class='ocrx_word' id='word_1_114' title='bbox 264 823 316 863; x_wconf 89' lang='grc'><strong>(18</strong></span> <span class='ocrx_word' id='word_1_115' title='bbox 336 822 374 863; x_wconf 92' lang='grc'><strong>18</strong></span> <span class='ocrx_word' id='word_1_116' title='bbox 394 823 486 863; x_wconf 90' lang='lat' dir='ltr'><strong>voir</strong></span> <span class='ocrx_word' id='word_1_117' title='bbox 504 826 547 863; x_wconf 86' lang='lat' dir='ltr'><strong>et</strong></span> <span class='ocrx_word' id='word_1_118' title='bbox 566 823 710 863; x_wconf 80' lang='lat' dir='ltr'><strong>insiste</strong></span> <span class='ocrx_word' id='word_1_119' title='bbox 743 836 844 864; x_wconf 83' lang='lat' dir='ltr'><strong>avec</strong></span> <span class='ocrx_word' id='word_1_120' title='bbox 876 824 1089 864; x_wconf 72' lang='lat' dir='ltr'><strong>instances</strong></span> <span class='ocrx_word' id='word_1_121' title='bbox 1112 837 1121 862; x_wconf 93' lang='lat'>:</span> <span class='ocrx_word' id='word_1_122' title='bbox 1145 838 1163 859; x_wconf 74' lang='grc' dir='ltr'><strong>α</strong></span> <span class='ocrx_word' id='word_1_123' title='bbox 1190 823 1233 864; x_wconf 86' lang='grc'><strong>81</strong></span> <span class='ocrx_word' id='word_1_124' title='bbox 1249 823 1325 874; x_wconf 82' lang='lat' dir='ltr'><strong>j&#39;ai</strong></span> <span class='ocrx_word' id='word_1_125' title='bbox 1346 825 1495 863; x_wconf 80' lang='lat' dir='ltr'><strong>trouve</strong></span> <span class='ocrx_word' id='word_1_126' title='bbox 1528 824 1652 874; x_wconf 65' lang='lat' dir='ltr'><strong>grece</strong></span> <span class='ocrx_word' id='word_1_127' title='bbox 1684 824 1710 863; x_wconf 62' lang='grc' dir='ltr'><strong>ὲ</strong></span> 
     </span>
     <span class='ocr_line' id='line_1_14' title="bbox 133 888 1711 941; baseline -0.001 -11"><span class='ocrx_word' id='word_1_128' title='bbox 133 901 207 930; x_wconf 77' lang='lat' dir='ltr'><strong>vos</strong></span> <span class='ocrx_word' id='word_1_129' title='bbox 225 900 354 941; x_wconf 81' lang='lat' dir='ltr'><strong>yeux,</strong></span> <span class='ocrx_word' id='word_1_130' title='bbox 376 889 670 929; x_wconf 85' lang='lat' dir='ltr'><strong>montrez-moi</strong></span> <span class='ocrx_word' id='word_1_131' title='bbox 691 892 809 928; x_wconf 87' lang='lat' dir='ltr'><strong>votre</strong></span> <span class='ocrx_word' id='word_1_132' title='bbox 830 889 936 930; x_wconf 83' lang='lat' dir='ltr'><strong>face.</strong></span> <span class='ocrx_word' id='word_1_133' title='bbox 962 905 981 926; x_wconf 75' lang='lat' dir='ltr'><strong>n</strong></span> <span class='ocrx_word' id='word_1_134' title='bbox 1004 889 1168 929; x_wconf 78' lang='lat' dir='ltr'><strong>S&#39;etant</strong></span> <span class='ocrx_word' id='word_1_135' title='bbox 1189 889 1307 941; x_wconf 80' lang='lat' dir='ltr'><strong>place</strong></span> <span class='ocrx_word' id='word_1_136' title='bbox 1327 888 1432 928; x_wconf 84' lang='grc'><strong>(1885</strong></span> <span class='ocrx_word' id='word_1_137' title='bbox 1452 888 1711 929; x_wconf 77' lang='lat' dir='ltr'><strong>l&#39;ouverture</strong></span> 
     </span>
     <span class='ocr_line' id='line_1_15' title="bbox 133 953 1709 1007; baseline -0.001 -12"><span class='ocrx_word' id='word_1_138' title='bbox 133 953 185 995; x_wconf 85' lang='lat' dir='ltr'><strong>de</strong></span> <span class='ocrx_word' id='word_1_139' title='bbox 205 954 246 995; x_wconf 79' lang='lat' dir='ltr'><strong>la</strong></span> <span class='ocrx_word' id='word_1_140' title='bbox 264 954 419 1007; x_wconf 86' lang='lat' dir='ltr'><strong>pierre,</strong></span> <span class='ocrx_word' id='word_1_141' title='bbox 441 965 512 994; x_wconf 84' lang='lat' dir='ltr'><strong>sur</strong></span> <span class='ocrx_word' id='word_1_142' title='bbox 531 953 684 994; x_wconf 87' lang='lat' dir='ltr'><strong>l&#39;ordre</strong></span> <span class='ocrx_word' id='word_1_143' title='bbox 704 954 761 993; x_wconf 89' lang='lat' dir='ltr'><strong>du</strong></span> <span class='ocrx_word' id='word_1_144' title='bbox 782 954 1008 1004; x_wconf 79' lang='lat' dir='ltr'><strong>Seigneur‚</strong></span> <span class='ocrx_word' id='word_1_145' title='bbox 1043 958 1086 995; x_wconf 88' lang='grc'><strong>81</strong></span> <span class='ocrx_word' id='word_1_146' title='bbox 1117 954 1279 1006; x_wconf 81' lang='lat' dir='ltr'><strong>l&#39;ayant</strong></span> <span class='ocrx_word' id='word_1_147' title='bbox 1311 966 1365 993; x_wconf 88' lang='lat' dir='ltr'><strong>vu</strong></span> <span class='ocrx_word' id='word_1_148' title='bbox 1399 966 1475 1006; x_wconf 83' lang='grc'><strong>881</strong></span> <span class='ocrx_word' id='word_1_149' title='bbox 1507 953 1709 1003; x_wconf 71' lang='grc'><strong>(18111818,</strong></span> 
     </span>
     <span class='ocr_line' id='line_1_16' title="bbox 132 1018 1710 1072; baseline 0 -12"><span class='ocrx_word' id='word_1_150' title='bbox 132 1022 266 1071; x_wconf 73' lang='lat' dir='ltr'><strong>ayant:</strong></span> <span class='ocrx_word' id='word_1_151' title='bbox 282 1031 435 1072; x_wconf 76' lang='lat' dir='ltr'><strong>epercu</strong></span> <span class='ocrx_word' id='word_1_152' title='bbox 453 1030 518 1059; x_wconf 83' lang='lat' dir='ltr'><strong>ses</strong></span> <span class='ocrx_word' id='word_1_153' title='bbox 536 1019 721 1072; x_wconf 80' lang='grc'><strong>8888185,</strong></span> <span class='ocrx_word' id='word_1_154' title='bbox 757 1019 949 1071; x_wconf 85' lang='lat' dir='ltr'><strong>symbote</strong></span> <span class='ocrx_word' id='word_1_155' title='bbox 980 1020 1032 1060; x_wconf 88' lang='lat' dir='ltr'><strong>de</strong></span> <span class='ocrx_word' id='word_1_156' title='bbox 1065 1019 1316 1061; x_wconf 76' lang='lat' dir='ltr'><strong>l’humanite</strong></span> <span class='ocrx_word' id='word_1_157' title='bbox 1337 1031 1418 1072; x_wconf 86' lang='lat' dir='ltr'><strong>que</strong></span> <span class='ocrx_word' id='word_1_158' title='bbox 1440 1019 1477 1059; x_wconf 88' lang='grc'><strong>18</strong></span> <span class='ocrx_word' id='word_1_159' title='bbox 1499 1018 1710 1070; x_wconf 78' lang='lat' dir='ltr'><strong>Seigneur</strong></span> 
     </span>
     <span class='ocr_line' id='line_1_17' title="bbox 134 1083 1708 1137; baseline 0.001 -15"><span class='ocrx_word' id='word_1_160' title='bbox 134 1084 273 1125; x_wconf 78' lang='lat' dir='ltr'><strong>deveit</strong></span> <span class='ocrx_word' id='word_1_161' title='bbox 293 1084 489 1137; x_wconf 73' lang='lat' dir='ltr'><strong>prendre.</strong></span> <span class='ocrx_word' id='word_1_162' title='bbox 510 1084 541 1124; x_wconf 89' lang='lat' dir='ltr'><strong>il</strong></span> <span class='ocrx_word' id='word_1_163' title='bbox 560 1084 626 1125; x_wconf 87' lang='lat' dir='ltr'><strong>fut</strong></span> <span class='ocrx_word' id='word_1_164' title='bbox 645 1084 787 1136; x_wconf 81' lang='lat' dir='ltr'><strong>oblige</strong></span> <span class='ocrx_word' id='word_1_165' title='bbox 814 1085 864 1124; x_wconf 91' lang='grc'><strong>(18</strong></span> <span class='ocrx_word' id='word_1_166' title='bbox 896 1085 1062 1125; x_wconf 80' lang='lat' dir='ltr'><strong>s’ecrier</strong></span> <span class='ocrx_word' id='word_1_167' title='bbox 1085 1098 1094 1125; x_wconf 91' lang='lat'>:</span> <span class='ocrx_word' id='word_1_168' title='bbox 1122 1102 1140 1120; x_wconf 76' lang='grc' dir='ltr'><strong>(ι</strong></span> <span class='ocrx_word' id='word_1_169' title='bbox 1164 1085 1397 1125; x_wconf 80' lang='lat' dir='ltr'><strong>Souverain</strong></span> <span class='ocrx_word' id='word_1_170' title='bbox 1420 1083 1708 1134; x_wconf 80' lang='lat' dir='ltr'><strong>dominnteur,</strong></span> 
     </span>
     <span class='ocr_line' id='line_1_18' title="bbox 134 1149 1708 1203; baseline 0 -13"><span class='ocrx_word' id='word_1_171' title='bbox 134 1149 344 1203; x_wconf 80' lang='lat' dir='ltr'><strong>seigneur</strong></span> <span class='ocrx_word' id='word_1_172' title='bbox 369 1149 490 1199; x_wconf 77' lang='lat' dir='ltr'><strong>Dion,</strong></span> <span class='ocrx_word' id='word_1_173' title='bbox 513 1150 694 1202; x_wconf 76' lang='lat' dir='ltr'><strong>quietes</strong></span> <span class='ocrx_word' id='word_1_174' title='bbox 713 1150 826 1203; x_wconf 86' lang='grc'><strong>81818</strong></span> <span class='ocrx_word' id='word_1_175' title='bbox 859 1151 910 1191; x_wconf 88' lang='grc'><strong>(18</strong></span> <span class='ocrx_word' id='word_1_176' title='bbox 942 1150 1202 1203; x_wconf 83' lang='lat' dir='ltr'><strong>compassion</strong></span> <span class='ocrx_word' id='word_1_177' title='bbox 1224 1154 1267 1189; x_wconf 90' lang='grc'><strong>81</strong></span> <span class='ocrx_word' id='word_1_178' title='bbox 1295 1150 1346 1190; x_wconf 90' lang='grc'><strong>(18</strong></span> <span class='ocrx_word' id='word_1_179' title='bbox 1371 1149 1596 1198; x_wconf 73' lang='grc'><strong>8181888118,</strong></span> <span class='ocrx_word' id='word_1_180' title='bbox 1631 1161 1708 1203; x_wconf 83' lang='grc'><strong>88-</strong></span> 
     </span>
     <span class='ocr_line' id='line_1_19' title="bbox 134 1213 1711 1268; baseline 0 -13"><span class='ocrx_word' id='word_1_181' title='bbox 134 1213 255 1264; x_wconf 82' lang='lat' dir='ltr'><strong>tient,</strong></span> <span class='ocrx_word' id='word_1_182' title='bbox 277 1215 392 1255; x_wconf 88' lang='lat' dir='ltr'><strong>riche</strong></span> <span class='ocrx_word' id='word_1_183' title='bbox 413 1227 464 1255; x_wconf 90' lang='lat' dir='ltr'><strong>en</strong></span> <span class='ocrx_word' id='word_1_184' title='bbox 485 1215 767 1264; x_wconf 78' lang='lat' dir='ltr'><strong>misericorde,</strong></span> <span class='ocrx_word' id='word_1_185' title='bbox 790 1219 830 1255; x_wconf 86' lang='lat' dir='ltr'><strong>et</strong></span> <span class='ocrx_word' id='word_1_186' title='bbox 850 1216 1067 1265; x_wconf 73' lang='lat' dir='ltr'><strong>veritable,</strong></span> <span class='ocrx_word' id='word_1_187' title='bbox 1092 1215 1164 1268; x_wconf 91' lang='lat' dir='ltr'><strong>qui</strong></span> <span class='ocrx_word' id='word_1_188' title='bbox 1185 1227 1408 1255; x_wconf 87' lang='lat' dir='ltr'><strong>conservez</strong></span> <span class='ocrx_word' id='word_1_189' title='bbox 1424 1218 1466 1254; x_wconf 88' lang='lat' dir='ltr'><strong>et</strong></span> <span class='ocrx_word' id='word_1_190' title='bbox 1481 1214 1604 1255; x_wconf 82' lang='lat' dir='ltr'><strong>faites</strong></span> <span class='ocrx_word' id='word_1_191' title='bbox 1622 1226 1711 1255; x_wconf 75' lang='lat' dir='ltr'><strong>sen·</strong></span> 
     </span>
     <span class='ocr_line' id='line_1_20' title="bbox 136 1279 1707 1333; baseline 0.001 -14"><span class='ocrx_word' id='word_1_192' title='bbox 136 1279 191 1320; x_wconf 78' lang='lat' dir='ltr'><strong>tir</strong></span> <span class='ocrx_word' id='word_1_193' title='bbox 224 1282 343 1321; x_wconf 80' lang='lat' dir='ltr'><strong>voire</strong></span> <span class='ocrx_word' id='word_1_194' title='bbox 380 1280 651 1321; x_wconf 78' lang='lat' dir='ltr'><strong>misericorde</strong></span> <span class='ocrx_word' id='word_1_195' title='bbox 679 1281 850 1333; x_wconf 67' lang='lat' dir='ltr'><strong>jusqu&#39;e,</strong></span> <span class='ocrx_word' id='word_1_196' title='bbox 890 1280 1006 1320; x_wconf 91' lang='lat' dir='ltr'><strong>mille</strong></span> <span class='ocrx_word' id='word_1_197' title='bbox 1047 1281 1332 1332; x_wconf 72' lang='lat' dir='ltr'><strong>generations.</strong></span> <span class='ocrx_word' id='word_1_198' title='bbox 1371 1279 1522 1333; x_wconf 75' lang='lat' dir='ltr'><strong>(E&#39;aeod.</strong></span> <span class='ocrx_word' id='word_1_199' title='bbox 1563 1290 1707 1329; x_wconf 77' lang='lat' dir='ltr'>xxxxv,</span> 
     </span>
    </p>
   </div>
   <div class='ocr_carea' id='block_1_4' title="bbox 67 1345 1710 1398">
    <p class='ocr_par' dir='ltr' id='par_1_5' title="bbox 67 1345 1710 1398">
     <span class='ocr_line' id='line_1_21' title="bbox 67 1345 1710 1398; baseline 0.001 -13"><span class='ocrx_word' id='word_1_200' title='bbox 67 1393 71 1397; x_wconf 40' lang='grc'><strong>,</strong></span> <span class='ocrx_word' id='word_1_201' title='bbox 131 1346 158 1385; x_wconf 83' lang='grc'><strong>6</strong></span> <span class='ocrx_word' id='word_1_202' title='bbox 177 1350 218 1384; x_wconf 88' lang='grc'><strong>81</strong></span> <span class='ocrx_word' id='word_1_203' title='bbox 235 1346 297 1398; x_wconf 78' lang='lat'><strong>7.)</strong></span> <span class='ocrx_word' id='word_1_204' title='bbox 315 1359 335 1381; x_wconf 87' lang='lat'>»</span> <span class='ocrx_word' id='word_1_205' title='bbox 357 1346 435 1385; x_wconf 90' lang='lat' dir='ltr'><strong>Les</strong></span> <span class='ocrx_word' id='word_1_206' title='bbox 453 1346 581 1386; x_wconf 78' lang='lat' dir='ltr'><strong>saints</strong></span> <span class='ocrx_word' id='word_1_207' title='bbox 602 1346 726 1386; x_wconf 77' lang='lat' dir='ltr'><strong>Pei-es</strong></span> <span class='ocrx_word' id='word_1_208' title='bbox 757 1358 864 1385; x_wconf 84' lang='lat' dir='ltr'><strong>nous</strong></span> <span class='ocrx_word' id='word_1_209' title='bbox 894 1346 1145 1397; x_wconf 83' lang='lat' dir='ltr'><strong>enseignent</strong></span> <span class='ocrx_word' id='word_1_210' title='bbox 1177 1345 1274 1398; x_wconf 69' lang='lat' dir='ltr'><strong>qu&#39;zi</strong></span> <span class='ocrx_word' id='word_1_211' title='bbox 1294 1358 1339 1385; x_wconf 92' lang='lat' dir='ltr'><strong>ce</strong></span> <span class='ocrx_word' id='word_1_212' title='bbox 1360 1348 1549 1385; x_wconf 81' lang='lat' dir='ltr'><strong>moment</strong></span> <span class='ocrx_word' id='word_1_213' title='bbox 1580 1346 1710 1386; x_wconf 75' lang='lat' dir='ltr'><strong>Moise</strong></span> 
     </span>
    </p>
   </div>
   <div class='ocr_carea' id='block_1_5' title="bbox 130 1409 1711 1921">
    <p class='ocr_par' dir='ltr' id='par_1_6' title="bbox 130 1409 1711 1921">
     <span class='ocr_line' id='line_1_22' title="bbox 133 1409 1708 1463; baseline 0.001 -14"><span class='ocrx_word' id='word_1_214' title='bbox 133 1413 206 1450; x_wconf 82' lang='lat' dir='ltr'><strong>eut</strong></span> <span class='ocrx_word' id='word_1_215' title='bbox 224 1421 308 1453; x_wconf 85' lang='lat' dir='ltr'><strong>une</strong></span> <span class='ocrx_word' id='word_1_216' title='bbox 328 1409 465 1461; x_wconf 80' lang='lat' dir='ltr'><strong>figure</strong></span> <span class='ocrx_word' id='word_1_217' title='bbox 485 1413 527 1451; x_wconf 87' lang='lat' dir='ltr'><strong>et</strong></span> <span class='ocrx_word' id='word_1_218' title='bbox 548 1422 631 1450; x_wconf 89' lang='lat' dir='ltr'><strong>une</strong></span> <span class='ocrx_word' id='word_1_219' title='bbox 650 1423 864 1463; x_wconf 87' lang='lat' dir='ltr'><strong>promesse</strong></span> <span class='ocrx_word' id='word_1_220' title='bbox 884 1411 936 1450; x_wconf 91' lang='lat' dir='ltr'><strong>de</strong></span> <span class='ocrx_word' id='word_1_221' title='bbox 956 1411 996 1450; x_wconf 97' lang='grc'><strong>18</strong></span> <span class='ocrx_word' id='word_1_222' title='bbox 1015 1410 1150 1450; x_wconf 85' lang='lat' dir='ltr'><strong>vision</strong></span> <span class='ocrx_word' id='word_1_223' title='bbox 1171 1410 1223 1450; x_wconf 91' lang='grc'><strong>(18</strong></span> <span class='ocrx_word' id='word_1_224' title='bbox 1251 1410 1506 1451; x_wconf 78' lang='grc' dir='ltr'><strong>1’11ι111188118</strong></span> <span class='ocrx_word' id='word_1_225' title='bbox 1539 1409 1708 1450; x_wconf 78' lang='grc'><strong>1188511-</strong></span> 
     </span>
     <span class='ocr_line' id='line_1_23' title="bbox 135 1474 1711 1528; baseline 0 -12"><span class='ocrx_word' id='word_1_226' title='bbox 135 1476 279 1526; x_wconf 75' lang='lat' dir='ltr'><strong>guree.</strong></span> <span class='ocrx_word' id='word_1_227' title='bbox 303 1474 437 1527; x_wconf 77' lang='lat' dir='ltr'><strong>(Saint</strong></span> <span class='ocrx_word' id='word_1_228' title='bbox 456 1476 562 1528; x_wconf 78' lang='lat' dir='ltr'><strong>Auq.</strong></span> <span class='ocrx_word' id='word_1_229' title='bbox 584 1476 656 1516; x_wconf 89' lang='lat' dir='ltr'><strong>liv.</strong></span> <span class='ocrx_word' id='word_1_230' title='bbox 680 1477 714 1516; x_wconf 88' lang='lat'><strong>11</strong></span> <span class='ocrx_word' id='word_1_231' title='bbox 734 1475 781 1516; x_wconf 88' lang='lat' dir='ltr'><strong>de</strong></span> <span class='ocrx_word' id='word_1_232' title='bbox 802 1476 843 1516; x_wconf 81' lang='lat' dir='ltr'><strong>la</strong></span> <span class='ocrx_word' id='word_1_233' title='bbox 868 1476 1052 1527; x_wconf 65' lang='lat' dir='ltr'><strong>I&#39;rim‘td.)</strong></span> <span class='ocrx_word' id='word_1_234' title='bbox 1075 1476 1135 1516; x_wconf 82' lang='lat' dir='ltr'><strong>En</strong></span> <span class='ocrx_word' id='word_1_235' title='bbox 1168 1476 1283 1526; x_wconf 69' lang='lat' dir='ltr'><strong>esset,</strong></span> <span class='ocrx_word' id='word_1_236' title='bbox 1314 1476 1563 1516; x_wconf 83' lang='lat' dir='ltr'><strong>l&#39;humenite</strong></span> <span class='ocrx_word' id='word_1_237' title='bbox 1586 1479 1648 1515; x_wconf 91' lang='grc'><strong>851</strong></span> <span class='ocrx_word' id='word_1_238' title='bbox 1667 1475 1711 1516; x_wconf 79' lang='grc'><strong>18</strong></span> 
     </span>
     <span class='ocr_line' id='line_1_24' title="bbox 133 1539 1710 1593; baseline 0.001 -14"><span class='ocrx_word' id='word_1_239' title='bbox 133 1539 267 1592; x_wconf 86' lang='grc'><strong>881118</strong></span> <span class='ocrx_word' id='word_1_240' title='bbox 287 1539 514 1580; x_wconf 65' lang='grc'><strong>1818118818</strong></span> <span class='ocrx_word' id='word_1_241' title='bbox 534 1543 576 1579; x_wconf 89' lang='grc'><strong>81</strong></span> <span class='ocrx_word' id='word_1_242' title='bbox 596 1540 788 1580; x_wconf 79' lang='grc'><strong>(18181818</strong></span> <span class='ocrx_word' id='word_1_243' title='bbox 808 1540 864 1580; x_wconf 89' lang='grc'><strong>(18</strong></span> <span class='ocrx_word' id='word_1_244' title='bbox 886 1540 1037 1582; x_wconf 81' lang='lat' dir='ltr'><strong>Christ.</strong></span> <span class='ocrx_word' id='word_1_245' title='bbox 1075 1541 1116 1580; x_wconf 96' lang='grc'><strong>18</strong></span> <span class='ocrx_word' id='word_1_246' title='bbox 1148 1541 1333 1581; x_wconf 78' lang='grc' dir='ltr'><strong>Ὀ1ν18118</strong></span> <span class='ocrx_word' id='word_1_247' title='bbox 1356 1553 1409 1581; x_wconf 91' lang='grc'><strong>88</strong></span> <span class='ocrx_word' id='word_1_248' title='bbox 1430 1544 1493 1581; x_wconf 82' lang='lat' dir='ltr'><strong>est</strong></span> <span class='ocrx_word' id='word_1_249' title='bbox 1511 1541 1553 1581; x_wconf 88' lang='grc'><strong>18</strong></span> <span class='ocrx_word' id='word_1_250' title='bbox 1572 1540 1710 1593; x_wconf 85' lang='grc'><strong>881118</strong></span> 
     </span>
     <span class='ocr_line' id='line_1_25' title="bbox 131 1604 1706 1660; baseline 0.001 -16"><span class='ocrx_word' id='word_1_251' title='bbox 131 1604 339 1657; x_wconf 81' lang='lat' dir='ltr'><strong>premiere</strong></span> <span class='ocrx_word' id='word_1_252' title='bbox 358 1607 401 1644; x_wconf 85' lang='lat' dir='ltr'><strong>et</strong></span> <span class='ocrx_word' id='word_1_253' title='bbox 419 1605 651 1658; x_wconf 82' lang='lat' dir='ltr'>principale</span> <span class='ocrx_word' id='word_1_254' title='bbox 672 1617 835 1646; x_wconf 79' lang='lat' dir='ltr'><strong>comme</strong></span> <span class='ocrx_word' id='word_1_255' title='bbox 856 1606 895 1645; x_wconf 90' lang='grc'><strong>18</strong></span> <span class='ocrx_word' id='word_1_256' title='bbox 917 1606 1007 1646; x_wconf 79' lang='lat' dir='ltr'><strong>face</strong></span> <span class='ocrx_word' id='word_1_257' title='bbox 1027 1606 1119 1646; x_wconf 89' lang='lat' dir='ltr'><strong>l’est</strong></span> <span class='ocrx_word' id='word_1_258' title='bbox 1151 1607 1257 1646; x_wconf 78' lang='grc'><strong>(1885</strong></span> <span class='ocrx_word' id='word_1_259' title='bbox 1288 1606 1328 1646; x_wconf 90' lang='grc'><strong>18</strong></span> <span class='ocrx_word' id='word_1_260' title='bbox 1359 1619 1480 1660; x_wconf 77' lang='lat' dir='ltr'><strong>corps</strong></span> <span class='ocrx_word' id='word_1_261' title='bbox 1511 1606 1706 1647; x_wconf 85' lang='grc'><strong>11881818.</strong></span> 
     </span>
     <span class='ocr_line' id='line_1_26' title="bbox 131 1670 1707 1719; baseline 0.001 -9"><span class='ocrx_word' id='word_1_262' title='bbox 131 1670 235 1710; x_wconf 88' lang='lat' dir='ltr'><strong>Dieu</strong></span> <span class='ocrx_word' id='word_1_263' title='bbox 255 1670 396 1710; x_wconf 81' lang='lat' dir='ltr'><strong>refuso</strong></span> <span class='ocrx_word' id='word_1_264' title='bbox 414 1671 440 1710; x_wconf 79' lang='grc'><strong>8</strong></span> <span class='ocrx_word' id='word_1_265' title='bbox 458 1671 588 1710; x_wconf 74' lang='lat' dir='ltr'><strong>Moise</strong></span> <span class='ocrx_word' id='word_1_266' title='bbox 607 1671 648 1710; x_wconf 90' lang='grc'><strong>18</strong></span> <span class='ocrx_word' id='word_1_267' title='bbox 667 1671 799 1710; x_wconf 88' lang='lat' dir='ltr'><strong>vision</strong></span> <span class='ocrx_word' id='word_1_268' title='bbox 822 1670 872 1711; x_wconf 87' lang='grc'><strong>(18</strong></span> <span class='ocrx_word' id='word_1_269' title='bbox 893 1671 932 1710; x_wconf 89' lang='grc'><strong>18</strong></span> <span class='ocrx_word' id='word_1_270' title='bbox 951 1671 1141 1719; x_wconf 78' lang='lat' dir='ltr'><strong>divinite,</strong></span> <span class='ocrx_word' id='word_1_271' title='bbox 1163 1672 1270 1711; x_wconf 86' lang='grc'><strong>18815</strong></span> <span class='ocrx_word' id='word_1_272' title='bbox 1290 1672 1319 1711; x_wconf 90' lang='grc'><strong>11</strong></span> <span class='ocrx_word' id='word_1_273' title='bbox 1339 1672 1397 1711; x_wconf 90' lang='grc'><strong>181</strong></span> <span class='ocrx_word' id='word_1_274' title='bbox 1418 1672 1593 1712; x_wconf 75' lang='lat' dir='ltr'><strong>necorde</strong></span> <span class='ocrx_word' id='word_1_275' title='bbox 1622 1683 1707 1712; x_wconf 84' lang='lat' dir='ltr'><strong>une</strong></span> 
     </span>
     <span class='ocr_line' id='line_1_27' title="bbox 131 1734 1710 1790; baseline 0.002 -15"><span class='ocrx_word' id='word_1_276' title='bbox 131 1734 266 1775; x_wconf 77' lang='lat' dir='ltr'><strong>vision</strong></span> <span class='ocrx_word' id='word_1_277' title='bbox 286 1739 329 1776; x_wconf 90' lang='grc'><strong>81</strong></span> <span class='ocrx_word' id='word_1_278' title='bbox 349 1747 432 1776; x_wconf 89' lang='lat' dir='ltr'><strong>une</strong></span> <span class='ocrx_word' id='word_1_279' title='bbox 452 1735 752 1776; x_wconf 79' lang='lat' dir='ltr'><strong>connaissance</strong></span> <span class='ocrx_word' id='word_1_280' title='bbox 773 1736 824 1776; x_wconf 87' lang='lat' dir='ltr'><strong>dc</strong></span> <span class='ocrx_word' id='word_1_281' title='bbox 846 1736 1096 1777; x_wconf 80' lang='lat' dir='ltr'><strong>l’humanite</strong></span> <span class='ocrx_word' id='word_1_282' title='bbox 1118 1737 1344 1789; x_wconf 83' lang='lat' dir='ltr'><strong>glorieuse‚</strong></span> <span class='ocrx_word' id='word_1_283' title='bbox 1360 1737 1467 1777; x_wconf 81' lang='lat' dir='ltr'><strong>mais</strong></span> <span class='ocrx_word' id='word_1_284' title='bbox 1482 1750 1567 1777; x_wconf 93' lang='lat' dir='ltr'><strong>non</strong></span> <span class='ocrx_word' id='word_1_285' title='bbox 1586 1737 1710 1790; x_wconf 79' lang='lat' dir='ltr'><strong>point</strong></span> 
     </span>
     <span class='ocr_line' id='line_1_28' title="bbox 130 1800 1709 1855; baseline 0 -13"><span class='ocrx_word' id='word_1_286' title='bbox 130 1811 280 1842; x_wconf 80' lang='lat' dir='ltr'><strong>encore</strong></span> <span class='ocrx_word' id='word_1_287' title='bbox 311 1800 450 1854; x_wconf 86' lang='lat' dir='ltr'><strong>pleine</strong></span> <span class='ocrx_word' id='word_1_288' title='bbox 471 1804 513 1841; x_wconf 90' lang='grc'><strong>81</strong></span> <span class='ocrx_word' id='word_1_289' title='bbox 531 1802 728 1854; x_wconf 69' lang='grc'><strong>88118118,</strong></span> <span class='ocrx_word' id='word_1_290' title='bbox 762 1814 833 1842; x_wconf 89' lang='grc'><strong>881</strong></span> <span class='ocrx_word' id='word_1_291' title='bbox 863 1802 945 1842; x_wconf 89' lang='grc'><strong>8118</strong></span> <span class='ocrx_word' id='word_1_292' title='bbox 979 1814 1032 1842; x_wconf 93' lang='grc'><strong>88</strong></span> <span class='ocrx_word' id='word_1_293' title='bbox 1063 1815 1156 1843; x_wconf 87' lang='grc'><strong>5818</strong></span> <span class='ocrx_word' id='word_1_294' title='bbox 1187 1803 1419 1855; x_wconf 77' lang='grc'><strong>8818818188</strong></span> <span class='ocrx_word' id='word_1_295' title='bbox 1451 1814 1532 1855; x_wconf 90' lang='lat' dir='ltr'><strong>que</strong></span> <span class='ocrx_word' id='word_1_296' title='bbox 1563 1815 1636 1842; x_wconf 86' lang='lat' dir='ltr'><strong>sur</strong></span> <span class='ocrx_word' id='word_1_297' title='bbox 1667 1802 1709 1843; x_wconf 88' lang='grc'><strong>18</strong></span> 
     </span>
     <span class='ocr_line' id='line_1_29' title="bbox 130 1866 1707 1921; baseline -0.001 -13"><span class='ocrx_word' id='word_1_298' title='bbox 130 1868 249 1909; x_wconf 83' lang='lat' dir='ltr'><strong>mont</strong></span> <span class='ocrx_word' id='word_1_299' title='bbox 266 1866 451 1907; x_wconf 80' lang='lat' dir='ltr'><strong>Thabor.</strong></span> <span class='ocrx_word' id='word_1_300' title='bbox 474 1867 538 1907; x_wconf 90' lang='lat' dir='ltr'><strong>On</strong></span> <span class='ocrx_word' id='word_1_301' title='bbox 559 1879 611 1907; x_wconf 88' lang='lat' dir='ltr'><strong>ne</strong></span> <span class='ocrx_word' id='word_1_302' title='bbox 636 1866 696 1907; x_wconf 90' lang='lat' dir='ltr'><strong>lui</strong></span> <span class='ocrx_word' id='word_1_303' title='bbox 716 1870 883 1908; x_wconf 85' lang='lat' dir='ltr'><strong>mentre</strong></span> <span class='ocrx_word' id='word_1_304' title='bbox 905 1868 1035 1921; x_wconf 89' lang='lat' dir='ltr'><strong>qu&#39;nn</strong></span> <span class='ocrx_word' id='word_1_305' title='bbox 1056 1868 1267 1921; x_wconf 78' lang='lat' dir='ltr'><strong>specimen</strong></span> <span class='ocrx_word' id='word_1_306' title='bbox 1283 1868 1388 1908; x_wconf 85' lang='grc'><strong>(1818</strong></span> <span class='ocrx_word' id='word_1_307' title='bbox 1404 1868 1537 1920; x_wconf 81' lang='lat' dir='ltr'><strong>gloirc</strong></span> <span class='ocrx_word' id='word_1_308' title='bbox 1553 1868 1627 1920; x_wconf 88' lang='lat' dir='ltr'><strong>qui</strong></span> <span class='ocrx_word' id='word_1_309' title='bbox 1646 1867 1707 1908; x_wconf 83' lang='grc'><strong>181</strong></span> 
     </span>
    </p>
   </div>
   <div class='ocr_carea' id='block_1_6' title="bbox 122 2060 894 3015">
    <p class='ocr_par' dir='ltr' id='par_1_7' title="bbox 122 2060 894 3015">
     <span class='ocr_line' id='line_1_30' title="bbox 126 2060 894 2108; baseline 0.003 -12"><span class='ocrx_word' id='word_1_310' title='bbox 126 2069 214 2096; x_wconf 87' lang='lat' dir='ltr'><strong>cum</strong></span> <span class='ocrx_word' id='word_1_311' title='bbox 243 2060 445 2097; x_wconf 83' lang='lat' dir='ltr'><strong>inidoneus</strong></span> <span class='ocrx_word' id='word_1_312' title='bbox 465 2061 552 2106; x_wconf 86' lang='lat' dir='ltr'><strong>sim,</strong></span> <span class='ocrx_word' id='word_1_313' title='bbox 579 2066 615 2098; x_wconf 88' lang='lat' dir='ltr'><strong>et</strong></span> <span class='ocrx_word' id='word_1_314' title='bbox 647 2061 894 2108; x_wconf 82' lang='grc'><strong>18818118881-</strong></span> 
     </span>
     <span class='ocr_line' id='line_1_31' title="bbox 129 2108 894 2146; baseline 0.001 -2"><span class='ocrx_word' id='word_1_315' title='bbox 129 2108 309 2144; x_wconf 85' lang='lat' dir='ltr'><strong>muneri?</strong></span> <span class='ocrx_word' id='word_1_316' title='bbox 333 2109 424 2144; x_wconf 90' lang='lat' dir='ltr'><strong>Cum</strong></span> <span class='ocrx_word' id='word_1_317' title='bbox 459 2119 538 2146; x_wconf 90' lang='lat' dir='ltr'><strong>non</strong></span> <span class='ocrx_word' id='word_1_318' title='bbox 571 2109 696 2146; x_wconf 82' lang='lat' dir='ltr'><strong>sotum</strong></span> <span class='ocrx_word' id='word_1_319' title='bbox 727 2109 894 2146; x_wconf 81' lang='lat' dir='ltr'><strong>imbellis</strong></span> 
     </span>
     <span class='ocr_line' id='line_1_32' title="bbox 125 2154 893 2203; baseline 0.001 -10"><span class='ocrx_word' id='word_1_320' title='bbox 125 2159 162 2193; x_wconf 82' lang='grc'><strong>81</strong></span> <span class='ocrx_word' id='word_1_321' title='bbox 182 2154 371 2203; x_wconf 74' lang='lat' dir='ltr'><strong>impotens</strong></span> <span class='ocrx_word' id='word_1_322' title='bbox 390 2156 477 2200; x_wconf 85' lang='lat' dir='ltr'><strong>sim,</strong></span> <span class='ocrx_word' id='word_1_323' title='bbox 498 2157 563 2193; x_wconf 87' lang='lat' dir='ltr'><strong>sed</strong></span> <span class='ocrx_word' id='word_1_324' title='bbox 583 2157 695 2194; x_wconf 78' lang='lat' dir='ltr'><strong>etiam</strong></span> <span class='ocrx_word' id='word_1_325' title='bbox 718 2168 893 2194; x_wconf 86' lang='lat' dir='ltr'><strong>sermone</strong></span> 
     </span>
     <span class='ocr_line' id='line_1_33' title="bbox 127 2202 894 2251; baseline 0.003 -12"><span class='ocrx_word' id='word_1_326' title='bbox 127 2202 268 2247; x_wconf 70' lang='lat' dir='ltr'><strong>tardus,</strong></span> <span class='ocrx_word' id='word_1_327' title='bbox 306 2203 546 2250; x_wconf 83' lang='lat' dir='ltr'><strong>ineloquens,</strong></span> <span class='ocrx_word' id='word_1_328' title='bbox 587 2209 623 2242; x_wconf 88' lang='grc'><strong>81</strong></span> <span class='ocrx_word' id='word_1_329' title='bbox 654 2205 851 2251; x_wconf 84' lang='grc'><strong>1188811185</strong></span> <span class='ocrx_word' id='word_1_330' title='bbox 879 2206 894 2241; x_wconf 90' lang='lat'>?</span> 
     </span>
     <span class='ocr_line' id='line_1_34' title="bbox 124 2250 892 2298; baseline 0.003 -11"><span class='ocrx_word' id='word_1_331' title='bbox 124 2251 217 2288; x_wconf 89' lang='lat' dir='ltr'><strong>Cum</strong></span> <span class='ocrx_word' id='word_1_332' title='bbox 237 2250 402 2298; x_wconf 85' lang='lat' dir='ltr'><strong>denique</strong></span> <span class='ocrx_word' id='word_1_333' title='bbox 421 2251 554 2294; x_wconf 85' lang='lat' dir='ltr'><strong>sciam.</strong></span> <span class='ocrx_word' id='word_1_334' title='bbox 576 2256 611 2289; x_wconf 89' lang='grc'><strong>18</strong></span> <span class='ocrx_word' id='word_1_335' title='bbox 628 2252 747 2289; x_wconf 87' lang='grc'><strong>811881</strong></span> <span class='ocrx_word' id='word_1_336' title='bbox 780 2252 892 2289; x_wconf 85' lang='lat' dir='ltr'><strong>debe·</strong></span> 
     </span>
     <span class='ocr_line' id='line_1_35' title="bbox 125 2298 890 2346; baseline 0.003 -12"><span class='ocrx_word' id='word_1_337' title='bbox 125 2308 166 2335; x_wconf 88' lang='grc'><strong>18</strong></span> <span class='ocrx_word' id='word_1_338' title='bbox 196 2298 357 2343; x_wconf 86' lang='lat' dir='ltr'><strong>mittere,</strong></span> <span class='ocrx_word' id='word_1_339' title='bbox 391 2299 500 2346; x_wconf 76' lang='lat' dir='ltr'><strong>quus</strong></span> <span class='ocrx_word' id='word_1_340' title='bbox 532 2300 616 2337; x_wconf 90' lang='lat' dir='ltr'><strong>ideo</strong></span> <span class='ocrx_word' id='word_1_341' title='bbox 648 2311 790 2337; x_wconf 86' lang='lat' dir='ltr'><strong>nomen</strong></span> <span class='ocrx_word' id='word_1_342' title='bbox 823 2304 890 2345; x_wconf 88' lang='lat' dir='ltr'><strong>est,</strong></span> 
     </span>
     <span class='ocr_line' id='line_1_36' title="bbox 129 2344 891 2392; baseline 0.003 -10"><span class='ocrx_word' id='word_1_343' title='bbox 129 2358 145 2382; x_wconf 72' lang='grc' dir='ltr'><strong>κ.</strong></span> <span class='ocrx_word' id='word_1_344' title='bbox 168 2344 329 2383; x_wconf 74' lang='lat' dir='ltr'><strong>Missus?</strong></span> <span class='ocrx_word' id='word_1_345' title='bbox 350 2361 364 2379; x_wconf 80' lang='lat'><strong>»</strong></span> <span class='ocrx_word' id='word_1_346' title='bbox 388 2346 470 2391; x_wconf 84' lang='lat' dir='ltr'><strong>Eia,</strong></span> <span class='ocrx_word' id='word_1_347' title='bbox 493 2347 667 2390; x_wconf 75' lang='lat' dir='ltr'><strong>Domine,</strong></span> <span class='ocrx_word' id='word_1_348' title='bbox 688 2348 813 2392; x_wconf 80' lang='lat' dir='ltr'><strong>ilium,</strong></span> <span class='ocrx_word' id='word_1_349' title='bbox 828 2349 891 2385; x_wconf 85' lang='lat' dir='ltr'><strong>ob—</strong></span> 
     </span>
     <span class='ocr_line' id='line_1_37' title="bbox 123 2395 891 2440; baseline 0.001 -10"><span class='ocrx_word' id='word_1_350' title='bbox 123 2403 246 2438; x_wconf 83' lang='lat' dir='ltr'><strong>secro,</strong></span> <span class='ocrx_word' id='word_1_351' title='bbox 267 2398 462 2440; x_wconf 80' lang='lat' dir='ltr'><strong>tantopere</strong></span> <span class='ocrx_word' id='word_1_352' title='bbox 480 2395 747 2440; x_wconf 85' lang='lat' dir='ltr'><strong>desideratum,</strong></span> <span class='ocrx_word' id='word_1_353' title='bbox 769 2401 804 2433; x_wconf 88' lang='grc'><strong>81</strong></span> <span class='ocrx_word' id='word_1_354' title='bbox 827 2395 891 2432; x_wconf 77' lang='lat' dir='ltr'><strong>Pa-</strong></span> 
     </span>
     <span class='ocr_line' id='line_1_38' title="bbox 124 2439 892 2489; baseline 0.005 -13"><span class='ocrx_word' id='word_1_355' title='bbox 124 2439 245 2478; x_wconf 88' lang='lat' dir='ltr'><strong>tribus</strong></span> <span class='ocrx_word' id='word_1_356' title='bbox 264 2442 404 2478; x_wconf 88' lang='lat' dir='ltr'><strong>nostris</strong></span> <span class='ocrx_word' id='word_1_357' title='bbox 423 2443 789 2489; x_wconf 82' lang='lat' dir='ltr'><strong>promissum,mitte</strong></span> <span class='ocrx_word' id='word_1_358' title='bbox 805 2460 814 2486; x_wconf 78' lang='grc' dir='ltr'>ς</span> <span class='ocrx_word' id='word_1_359' title='bbox 830 2454 892 2480; x_wconf 87' lang='grc'><strong>1118</strong></span> 
     </span>
     <span class='ocr_line' id='line_1_39' title="bbox 122 2489 889 2528; baseline 0.004 -3"><span class='ocrx_word' id='word_1_360' title='bbox 122 2492 249 2525; x_wconf 82' lang='lat' dir='ltr'><strong>autem</strong></span> <span class='ocrx_word' id='word_1_361' title='bbox 277 2489 500 2526; x_wconf 77' lang='lat' dir='ltr'><strong>inidoneum</strong></span> <span class='ocrx_word' id='word_1_362' title='bbox 533 2491 694 2528; x_wconf 87' lang='lat' dir='ltr'><strong>dimitte.</strong></span> <span class='ocrx_word' id='word_1_363' title='bbox 718 2491 889 2528; x_wconf 86' lang='lat' dir='ltr'><strong>Postmo-</strong></span> 
     </span>
     <span class='ocr_line' id='line_1_40' title="bbox 123 2536 889 2585; baseline 0.003 -12"><span class='ocrx_word' id='word_1_364' title='bbox 123 2536 219 2573; x_wconf 81' lang='lat' dir='ltr'><strong>dum</strong></span> <span class='ocrx_word' id='word_1_365' title='bbox 233 2546 322 2574; x_wconf 87' lang='grc'><strong>8818</strong></span> <span class='ocrx_word' id='word_1_366' title='bbox 343 2537 465 2574; x_wconf 82' lang='grc'><strong>1111818</strong></span> <span class='ocrx_word' id='word_1_367' title='bbox 484 2548 595 2576; x_wconf 86' lang='grc'><strong>58818</strong></span> <span class='ocrx_word' id='word_1_368' title='bbox 616 2544 693 2576; x_wconf 83' lang='grc'><strong>1818</strong></span> <span class='ocrx_word' id='word_1_369' title='bbox 712 2544 889 2585; x_wconf 83' lang='lat' dir='ltr'><strong>tanquam</strong></span> 
     </span>
     <span class='ocr_line' id='line_1_41' title="bbox 123 2584 889 2632; baseline 0.004 -12"><span class='ocrx_word' id='word_1_370' title='bbox 123 2584 333 2631; x_wconf 79' lang='grc'><strong>8888115111</strong></span> <span class='ocrx_word' id='word_1_371' title='bbox 355 2586 511 2632; x_wconf 90' lang='lat' dir='ltr'><strong>Ducem,</strong></span> <span class='ocrx_word' id='word_1_372' title='bbox 544 2586 610 2623; x_wconf 88' lang='lat' dir='ltr'><strong>sed</strong></span> <span class='ocrx_word' id='word_1_373' title='bbox 641 2586 889 2630; x_wconf 81' lang='lat' dir='ltr'><strong>invisibilem.</strong></span> 
     </span>
     <span class='ocr_line' id='line_1_42' title="bbox 124 2631 891 2678; baseline 0 -8"><span class='ocrx_word' id='word_1_374' title='bbox 124 2631 289 2670; x_wconf 76' lang='lat' dir='ltr'><strong>mitteret</strong></span> <span class='ocrx_word' id='word_1_375' title='bbox 309 2632 420 2678; x_wconf 84' lang='lat' dir='ltr'><strong>Deus,</strong></span> <span class='ocrx_word' id='word_1_376' title='bbox 443 2637 479 2670; x_wconf 89' lang='grc'><strong>81</strong></span> <span class='ocrx_word' id='word_1_377' title='bbox 498 2633 568 2670; x_wconf 85' lang='grc'><strong>5811</strong></span> <span class='ocrx_word' id='word_1_378' title='bbox 589 2634 746 2671; x_wconf 88' lang='lat' dir='ltr'><strong>nomine</strong></span> <span class='ocrx_word' id='word_1_379' title='bbox 765 2635 891 2673; x_wconf 55' lang='lat' dir='ltr'><strong>Ana-e-</strong></span> 
     </span>
     <span class='ocr_line' id='line_1_43' title="bbox 126 2677 890 2728; baseline 0.005 -13"><span class='ocrx_word' id='word_1_380' title='bbox 126 2677 171 2723; x_wconf 82' lang='lat' dir='ltr'><strong>li,</strong></span> <span class='ocrx_word' id='word_1_381' title='bbox 181 2679 266 2716; x_wconf 85' lang='lat' dir='ltr'><strong>sine</strong></span> <span class='ocrx_word' id='word_1_382' title='bbox 284 2680 423 2726; x_wconf 76' lang='lat' dir='ltr'><strong>Legati,</strong></span> <span class='ocrx_word' id='word_1_383' title='bbox 436 2681 501 2728; x_wconf 93' lang='lat' dir='ltr'><strong>qui</strong></span> <span class='ocrx_word' id='word_1_384' title='bbox 513 2682 742 2728; x_wconf 65' lang='lat' dir='ltr'><strong>praecederet</strong></span> <span class='ocrx_word' id='word_1_385' title='bbox 754 2686 890 2727; x_wconf 87' lang='lat' dir='ltr'><strong>castra,</strong></span> 
     </span>
     <span class='ocr_line' id='line_1_44' title="bbox 125 2727 892 2772; baseline 0.005 -10"><span class='ocrx_word' id='word_1_386' title='bbox 125 2727 372 2772; x_wconf 78' lang='lat' dir='ltr'><strong>promitteret,</strong></span> <span class='ocrx_word' id='word_1_387' title='bbox 392 2728 496 2765; x_wconf 86' lang='lat' dir='ltr'><strong>iilius</strong></span> <span class='ocrx_word' id='word_1_388' title='bbox 522 2729 673 2766; x_wconf 81' lang='lat' dir='ltr'><strong>videndi</strong></span> <span class='ocrx_word' id='word_1_389' title='bbox 704 2729 892 2767; x_wconf 85' lang='lat' dir='ltr'><strong>desiderio</strong></span> 
     </span>
     <span class='ocr_line' id='line_1_45' title="bbox 124 2775 890 2827; baseline 0.005 -17"><span class='ocrx_word' id='word_1_390' title='bbox 124 2781 308 2827; x_wconf 70' lang='lat' dir='ltr'><strong>accensus</strong></span> <span class='ocrx_word' id='word_1_391' title='bbox 328 2781 383 2812; x_wconf 88' lang='grc'><strong>851</strong></span> <span class='ocrx_word' id='word_1_392' title='bbox 408 2775 569 2822; x_wconf 78' lang='lat' dir='ltr'><strong>Moyses,</strong></span> <span class='ocrx_word' id='word_1_393' title='bbox 598 2780 780 2825; x_wconf 74' lang='lat' dir='ltr'><strong>urgetque</strong></span> <span class='ocrx_word' id='word_1_394' title='bbox 809 2778 890 2814; x_wconf 88' lang='lat' dir='ltr'><strong>ins-</strong></span> 
     </span>
     <span class='ocr_line' id='line_1_46' title="bbox 126 2822 891 2875; baseline 0.005 -17"><span class='ocrx_word' id='word_1_395' title='bbox 126 2822 366 2875; x_wconf 66' lang='lat' dir='ltr'><strong>tantissime:</strong></span> <span class='ocrx_word' id='word_1_396' title='bbox 394 2836 408 2856; x_wconf 77' lang='grc' dir='ltr'><strong>α</strong></span> <span class='ocrx_word' id='word_1_397' title='bbox 430 2823 468 2861; x_wconf 83' lang='grc'><strong>81</strong></span> <span class='ocrx_word' id='word_1_398' title='bbox 499 2824 630 2861; x_wconf 81' lang='lat' dir='ltr'><strong>inveni</strong></span> <span class='ocrx_word' id='word_1_399' title='bbox 660 2826 819 2871; x_wconf 76' lang='lat' dir='ltr'><strong>gratiam</strong></span> <span class='ocrx_word' id='word_1_400' title='bbox 851 2825 891 2861; x_wconf 86' lang='lat' dir='ltr'><strong>iu</strong></span> 
     </span>
     <span class='ocr_line' id='line_1_47' title="bbox 125 2867 889 2915; baseline 0.003 -10"><span class='ocrx_word' id='word_1_401' title='bbox 125 2867 248 2905; x_wconf 79' lang='lat' dir='ltr'><strong>oculis</strong></span> <span class='ocrx_word' id='word_1_402' title='bbox 285 2869 372 2915; x_wconf 80' lang='lat' dir='ltr'><strong>tuis,</strong></span> <span class='ocrx_word' id='word_1_403' title='bbox 426 2871 584 2909; x_wconf 82' lang='lat' dir='ltr'><strong>ostende</strong></span> <span class='ocrx_word' id='word_1_404' title='bbox 622 2872 718 2909; x_wconf 84' lang='lat' dir='ltr'><strong>mihi</strong></span> <span class='ocrx_word' id='word_1_405' title='bbox 755 2873 889 2910; x_wconf 80' lang='lat' dir='ltr'><strong>faciem</strong></span> 
     </span>
     <span class='ocr_line' id='line_1_48' title="bbox 125 2917 890 2973; baseline 0.007 -21"><span class='ocrx_word' id='word_1_406' title='bbox 125 2919 244 2969; x_wconf 68' lang='lat' dir='ltr'><strong>tuam.</strong></span> <span class='ocrx_word' id='word_1_407' title='bbox 270 2931 283 2946; x_wconf 83' lang='lat'><strong>··</strong></span> <span class='ocrx_word' id='word_1_408' title='bbox 307 2917 475 2973; x_wconf 80' lang='lat' dir='ltr'><strong>Cumque</strong></span> <span class='ocrx_word' id='word_1_409' title='bbox 494 2920 536 2956; x_wconf 90' lang='lat' dir='ltr'><strong>in</strong></span> <span class='ocrx_word' id='word_1_410' title='bbox 556 2920 742 2957; x_wconf 81' lang='lat' dir='ltr'><strong>foramine</strong></span> <span class='ocrx_word' id='word_1_411' title='bbox 760 2925 890 2968; x_wconf 86' lang='lat' dir='ltr'><strong>petrae,</strong></span> 
     </span>
     <span class='ocr_line' id='line_1_49' title="bbox 123 2961 892 3015; baseline 0.001 -12"><span class='ocrx_word' id='word_1_412' title='bbox 123 2961 281 3007; x_wconf 73' lang='grc'><strong>1111181118</strong></span> <span class='ocrx_word' id='word_1_413' title='bbox 314 2964 491 3012; x_wconf 79' lang='lat' dir='ltr'><strong>Domino,</strong></span> <span class='ocrx_word' id='word_1_414' title='bbox 523 2966 829 3015; x_wconf 78' lang='grc'><strong>5888118885581,</strong></span> <span class='ocrx_word' id='word_1_415' title='bbox 855 2972 892 3005; x_wconf 87' lang='grc'><strong>81</strong></span> 
     </span>
    </p>
   </div>
   <div class='ocr_carea' id='block_1_7' title="bbox 929 2063 1713 3017">
    <p class='ocr_par' dir='ltr' id='par_1_8' title="bbox 929 2063 1713 3017">
     <span class='ocr_line' id='line_1_50' title="bbox 934 2063 1702 2110; baseline 0.001 -12"><span class='ocrx_word' id='word_1_416' title='bbox 934 2063 1164 2099; x_wconf 80' lang='lat' dir='ltr'><strong>transeuntis</strong></span> <span class='ocrx_word' id='word_1_417' title='bbox 1201 2064 1437 2110; x_wconf 81' lang='lat' dir='ltr'><strong>conspiceret</strong></span> <span class='ocrx_word' id='word_1_418' title='bbox 1482 2064 1702 2109; x_wconf 76' lang='lat' dir='ltr'><strong>posteriora,</strong></span> 
     </span>
     <span class='ocr_line' id='line_1_51' title="bbox 933 2111 1702 2157; baseline 0.001 -11"><span class='ocrx_word' id='word_1_419' title='bbox 933 2120 997 2146; x_wconf 89' lang='lat' dir='ltr'><strong>seu</strong></span> <span class='ocrx_word' id='word_1_420' title='bbox 1030 2112 1212 2157; x_wconf 83' lang='lat' dir='ltr'><strong>quosdam</strong></span> <span class='ocrx_word' id='word_1_421' title='bbox 1246 2112 1352 2157; x_wconf 83' lang='lat' dir='ltr'><strong>quasi</strong></span> <span class='ocrx_word' id='word_1_422' title='bbox 1382 2111 1574 2154; x_wconf 83' lang='lat' dir='ltr'><strong>humeros,</strong></span> <span class='ocrx_word' id='word_1_423' title='bbox 1596 2121 1702 2156; x_wconf 82' lang='lat' dir='ltr'><strong>sym-</strong></span> 
     </span>
     <span class='ocr_line' id='line_1_52' title="bbox 935 2158 1704 2206; baseline 0.003 -13"><span class='ocrx_word' id='word_1_424' title='bbox 935 2158 1062 2194; x_wconf 76' lang='lat' dir='ltr'><strong>hoium</strong></span> <span class='ocrx_word' id='word_1_425' title='bbox 1092 2158 1354 2203; x_wconf 82' lang='lat' dir='ltr'><strong>humanitatis,</strong></span> <span class='ocrx_word' id='word_1_426' title='bbox 1388 2169 1501 2205; x_wconf 84' lang='lat' dir='ltr'><strong>quam</strong></span> <span class='ocrx_word' id='word_1_427' title='bbox 1533 2169 1704 2206; x_wconf 85' lang='lat' dir='ltr'><strong>assump-</strong></span> 
     </span>
     <span class='ocr_line' id='line_1_53' title="bbox 932 2206 1700 2249; baseline 0.001 -8"><span class='ocrx_word' id='word_1_428' title='bbox 932 2211 1038 2242; x_wconf 77' lang='lat' dir='ltr'><strong>turus</strong></span> <span class='ocrx_word' id='word_1_429' title='bbox 1070 2211 1162 2249; x_wconf 88' lang='lat' dir='ltr'><strong>erat,</strong></span> <span class='ocrx_word' id='word_1_430' title='bbox 1190 2211 1343 2243; x_wconf 81' lang='lat' dir='ltr'><strong>coactus</strong></span> <span class='ocrx_word' id='word_1_431' title='bbox 1375 2213 1430 2242; x_wconf 83' lang='lat' dir='ltr'><strong>est</strong></span> <span class='ocrx_word' id='word_1_432' title='bbox 1462 2206 1700 2243; x_wconf 77' lang='lat' dir='ltr'><strong>inclamare:</strong></span> 
     </span>
     <span class='ocr_line' id='line_1_54' title="bbox 935 2253 1704 2297; baseline 0.001 -8"><span class='ocrx_word' id='word_1_433' title='bbox 935 2270 948 2285; x_wconf 83' lang='lat' dir='ltr'><strong>u</strong></span> <span class='ocrx_word' id='word_1_434' title='bbox 976 2253 1195 2291; x_wconf 82' lang='lat' dir='ltr'><strong>Domiuator</strong></span> <span class='ocrx_word' id='word_1_435' title='bbox 1217 2255 1377 2291; x_wconf 85' lang='lat' dir='ltr'><strong>Domine</strong></span> <span class='ocrx_word' id='word_1_436' title='bbox 1412 2255 1524 2297; x_wconf 84' lang='lat' dir='ltr'><strong>Deus,</strong></span> <span class='ocrx_word' id='word_1_437' title='bbox 1557 2254 1704 2291; x_wconf 87' lang='lat' dir='ltr'><strong>miseri·</strong></span> 
     </span>
     <span class='ocr_line' id='line_1_55' title="bbox 930 2301 1713 2349; baseline 0.003 -12"><span class='ocrx_word' id='word_1_438' title='bbox 930 2311 1015 2337; x_wconf 88' lang='lat' dir='ltr'><strong>cors</strong></span> <span class='ocrx_word' id='word_1_439' title='bbox 1046 2306 1082 2338; x_wconf 83' lang='lat' dir='ltr'><strong>et</strong></span> <span class='ocrx_word' id='word_1_440' title='bbox 1114 2302 1297 2348; x_wconf 87' lang='lat' dir='ltr'><strong>clemens,</strong></span> <span class='ocrx_word' id='word_1_441' title='bbox 1324 2302 1472 2349; x_wconf 85' lang='lat' dir='ltr'><strong>patiens</strong></span> <span class='ocrx_word' id='word_1_442' title='bbox 1504 2306 1540 2338; x_wconf 84' lang='lat' dir='ltr'><strong>ct</strong></span> <span class='ocrx_word' id='word_1_443' title='bbox 1573 2301 1713 2339; x_wconf 72' lang='lat' dir='ltr'><strong>muttae·</strong></span> 
     </span>
     <span class='ocr_line' id='line_1_56' title="bbox 931 2348 1702 2396; baseline 0.003 -12"><span class='ocrx_word' id='word_1_444' title='bbox 931 2349 1184 2386; x_wconf 75' lang='lat' dir='ltr'><strong>miserationis</strong></span> <span class='ocrx_word' id='word_1_445' title='bbox 1216 2361 1260 2386; x_wconf 87' lang='lat' dir='ltr'><strong>ac</strong></span> <span class='ocrx_word' id='word_1_446' title='bbox 1289 2360 1415 2393; x_wconf 83' lang='lat' dir='ltr'><strong>verax.</strong></span> <span class='ocrx_word' id='word_1_447' title='bbox 1449 2351 1512 2396; x_wconf 86' lang='lat' dir='ltr'><strong>qui</strong></span> <span class='ocrx_word' id='word_1_448' title='bbox 1534 2348 1702 2386; x_wconf 87' lang='lat' dir='ltr'><strong>custodis</strong></span> 
     </span>
     <span class='ocr_line' id='line_1_57' title="bbox 931 2396 1701 2435; baseline 0.004 -3"><span class='ocrx_word' id='word_1_449' title='bbox 931 2397 1231 2434; x_wconf 85' lang='lat' dir='ltr'><strong>misericordiam</strong></span> <span class='ocrx_word' id='word_1_450' title='bbox 1270 2398 1308 2434; x_wconf 89' lang='grc'><strong>18</strong></span> <span class='ocrx_word' id='word_1_451' title='bbox 1351 2397 1482 2434; x_wconf 85' lang='lat' dir='ltr'><strong>millia.</strong></span> <span class='ocrx_word' id='word_1_452' title='bbox 1529 2413 1541 2428; x_wconf 77' lang='grc' dir='ltr'><strong>»ι</strong></span> <span class='ocrx_word' id='word_1_453' title='bbox 1586 2396 1701 2435; x_wconf 81' lang='lat' dir='ltr'><strong>Porro</strong></span> 
     </span>
     <span class='ocr_line' id='line_1_58' title="bbox 931 2445 1703 2492; baseline 0.003 -12"><span class='ocrx_word' id='word_1_454' title='bbox 931 2449 1021 2482; x_wconf 87' lang='lat' dir='ltr'><strong>tunc</strong></span> <span class='ocrx_word' id='word_1_455' title='bbox 1059 2445 1177 2491; x_wconf 83' lang='lat' dir='ltr'><strong>Moysi</strong></span> <span class='ocrx_word' id='word_1_456' title='bbox 1211 2445 1474 2492; x_wconf 74' lang='lat' dir='ltr'><strong>praesignatam</strong></span> <span class='ocrx_word' id='word_1_457' title='bbox 1511 2445 1628 2482; x_wconf 81' lang='lat' dir='ltr'><strong>fuisse</strong></span> <span class='ocrx_word' id='word_1_458' title='bbox 1665 2449 1703 2482; x_wconf 79' lang='lat' dir='ltr'><strong>et</strong></span> 
     </span>
     <span class='ocr_line' id='line_1_59' title="bbox 931 2492 1700 2539; baseline 0.003 -11"><span class='ocrx_word' id='word_1_459' title='bbox 931 2493 1155 2539; x_wconf 80' lang='lat' dir='ltr'><strong>promissam</strong></span> <span class='ocrx_word' id='word_1_460' title='bbox 1177 2494 1360 2530; x_wconf 82' lang='lat' dir='ltr'><strong>visionem</strong></span> <span class='ocrx_word' id='word_1_461' title='bbox 1394 2492 1639 2529; x_wconf 75' lang='lat' dir='ltr'><strong>humanitatis</strong></span> <span class='ocrx_word' id='word_1_462' title='bbox 1659 2492 1700 2530; x_wconf 76' lang='lat' dir='ltr'><strong>in</strong></span> 
     </span>
     <span class='ocr_line' id='line_1_60' title="bbox 931 2540 1696 2587; baseline 0.003 -12"><span class='ocrx_word' id='word_1_463' title='bbox 931 2540 1277 2587; x_wconf 83' lang='lat' dir='ltr'><strong>transfiguratione,</strong></span> <span class='ocrx_word' id='word_1_464' title='bbox 1300 2541 1452 2577; x_wconf 88' lang='lat' dir='ltr'><strong>tradunt</strong></span> <span class='ocrx_word' id='word_1_465' title='bbox 1470 2541 1531 2577; x_wconf 89' lang='lat' dir='ltr'><strong>SS.</strong></span> <span class='ocrx_word' id='word_1_466' title='bbox 1557 2540 1696 2577; x_wconf 78' lang='lat' dir='ltr'><strong>Patres.</strong></span> 
     </span>
     <span class='ocr_line' id='line_1_61' title="bbox 931 2587 1701 2636; baseline 0.001 -12"><span class='ocrx_word' id='word_1_467' title='bbox 931 2587 1075 2634; x_wconf 88' lang='lat' dir='ltr'><strong>Nempe</strong></span> <span class='ocrx_word' id='word_1_468' title='bbox 1097 2588 1312 2625; x_wconf 82' lang='lat' dir='ltr'><strong>humanitas</strong></span> <span class='ocrx_word' id='word_1_469' title='bbox 1343 2592 1377 2624; x_wconf 88' lang='grc'><strong>81</strong></span> <span class='ocrx_word' id='word_1_470' title='bbox 1410 2588 1594 2634; x_wconf 86' lang='lat' dir='ltr'><strong>posterior</strong></span> <span class='ocrx_word' id='word_1_471' title='bbox 1613 2599 1701 2636; x_wconf 79' lang='lat' dir='ltr'><strong>pars</strong></span> 
     </span>
     <span class='ocr_line' id='line_1_62' title="bbox 930 2635 1700 2682; baseline 0.001 -10"><span class='ocrx_word' id='word_1_472' title='bbox 930 2635 1068 2672; x_wconf 83' lang='lat' dir='ltr'><strong>Christi</strong></span> <span class='ocrx_word' id='word_1_473' title='bbox 1090 2641 1160 2679; x_wconf 88' lang='lat' dir='ltr'><strong>est,</strong></span> <span class='ocrx_word' id='word_1_474' title='bbox 1181 2637 1363 2672; x_wconf 83' lang='lat' dir='ltr'><strong>Divinitas</strong></span> <span class='ocrx_word' id='word_1_475' title='bbox 1376 2640 1502 2672; x_wconf 82' lang='lat' dir='ltr'><strong>autem</strong></span> <span class='ocrx_word' id='word_1_476' title='bbox 1523 2642 1578 2672; x_wconf 85' lang='lat' dir='ltr'><strong>est</strong></span> <span class='ocrx_word' id='word_1_477' title='bbox 1597 2636 1700 2682; x_wconf 89' lang='lat' dir='ltr'><strong>prior</strong></span> 
     </span>
     <span class='ocr_line' id='line_1_63' title="bbox 929 2683 1701 2738; baseline 0.004 -20"><span class='ocrx_word' id='word_1_478' title='bbox 929 2688 965 2719; x_wconf 86' lang='lat' dir='ltr'><strong>et</strong></span> <span class='ocrx_word' id='word_1_479' title='bbox 985 2684 1122 2730; x_wconf 82' lang='lat' dir='ltr'><strong>potior,</strong></span> <span class='ocrx_word' id='word_1_480' title='bbox 1143 2684 1250 2730; x_wconf 85' lang='lat' dir='ltr'><strong>quasi</strong></span> <span class='ocrx_word' id='word_1_481' title='bbox 1270 2683 1398 2720; x_wconf 82' lang='lat' dir='ltr'><strong>facies.</strong></span> <span class='ocrx_word' id='word_1_482' title='bbox 1420 2683 1584 2731; x_wconf 83' lang='lat' dir='ltr'><strong>Negatur</strong></span> <span class='ocrx_word' id='word_1_483' title='bbox 1612 2694 1701 2738; x_wconf 67' lang='lat' dir='ltr'><strong>ergo</strong></span> 
     </span>
     <span class='ocr_line' id='line_1_64' title="bbox 930 2730 1700 2778; baseline 0 -11"><span class='ocrx_word' id='word_1_484' title='bbox 930 2730 965 2767; x_wconf 88' lang='grc'><strong>81</strong></span> <span class='ocrx_word' id='word_1_485' title='bbox 986 2730 1078 2767; x_wconf 85' lang='lat' dir='ltr'><strong>visio</strong></span> <span class='ocrx_word' id='word_1_486' title='bbox 1099 2731 1307 2768; x_wconf 81' lang='lat' dir='ltr'><strong>divinitatis</strong></span> <span class='ocrx_word' id='word_1_487' title='bbox 1329 2741 1337 2767; x_wconf 92' lang='lat'>:</span> <span class='ocrx_word' id='word_1_488' title='bbox 1359 2731 1486 2778; x_wconf 84' lang='lat' dir='ltr'><strong>aliqua</strong></span> <span class='ocrx_word' id='word_1_489' title='bbox 1517 2731 1700 2769; x_wconf 83' lang='lat' dir='ltr'><strong>concedi-</strong></span> 
     </span>
     <span class='ocr_line' id='line_1_65' title="bbox 931 2777 1701 2825; baseline 0.003 -11"><span class='ocrx_word' id='word_1_490' title='bbox 931 2782 990 2814; x_wconf 91' lang='lat' dir='ltr'><strong>tur</strong></span> <span class='ocrx_word' id='word_1_491' title='bbox 1016 2779 1109 2815; x_wconf 87' lang='lat' dir='ltr'><strong>visio</strong></span> <span class='ocrx_word' id='word_1_492' title='bbox 1143 2783 1179 2815; x_wconf 87' lang='lat' dir='ltr'><strong>et</strong></span> <span class='ocrx_word' id='word_1_493' title='bbox 1210 2777 1352 2825; x_wconf 80' lang='lat' dir='ltr'><strong>agnitio</strong></span> <span class='ocrx_word' id='word_1_494' title='bbox 1372 2778 1634 2824; x_wconf 80' lang='lat' dir='ltr'><strong>humanitatis,</strong></span> <span class='ocrx_word' id='word_1_495' title='bbox 1655 2789 1701 2816; x_wconf 84' lang='lat' dir='ltr'><strong>ac</strong></span> 
     </span>
     <span class='ocr_line' id='line_1_66' title="bbox 929 2826 1702 2874; baseline 0 -12"><span class='ocrx_word' id='word_1_496' title='bbox 929 2826 1060 2872; x_wconf 81' lang='lat' dir='ltr'><strong>gioriae</strong></span> <span class='ocrx_word' id='word_1_497' title='bbox 1081 2826 1180 2872; x_wconf 88' lang='lat' dir='ltr'><strong>ejus;</strong></span> <span class='ocrx_word' id='word_1_498' title='bbox 1204 2827 1367 2864; x_wconf 86' lang='lat' dir='ltr'><strong>necdum</strong></span> <span class='ocrx_word' id='word_1_499' title='bbox 1387 2831 1516 2864; x_wconf 79' lang='lat' dir='ltr'><strong>tamen</strong></span> <span class='ocrx_word' id='word_1_500' title='bbox 1530 2827 1644 2874; x_wconf 83' lang='lat' dir='ltr'><strong>plena</strong></span> <span class='ocrx_word' id='word_1_501' title='bbox 1663 2831 1702 2864; x_wconf 85' lang='lat' dir='ltr'><strong>et</strong></span> 
     </span>
     <span class='ocr_line' id='line_1_67' title="bbox 931 2872 1701 2920; baseline 0.005 -10"><span class='ocrx_word' id='word_1_502' title='bbox 931 2873 1108 2920; x_wconf 82' lang='lat' dir='ltr'><strong>perfecta,</strong></span> <span class='ocrx_word' id='word_1_503' title='bbox 1125 2874 1189 2909; x_wconf 88' lang='lat' dir='ltr'><strong>sed</strong></span> <span class='ocrx_word' id='word_1_504' title='bbox 1211 2874 1250 2910; x_wconf 94' lang='lat' dir='ltr'><strong>in</strong></span> <span class='ocrx_word' id='word_1_505' title='bbox 1270 2880 1400 2911; x_wconf 87' lang='lat' dir='ltr'><strong>monte</strong></span> <span class='ocrx_word' id='word_1_506' title='bbox 1419 2874 1570 2912; x_wconf 86' lang='lat' dir='ltr'><strong>Thabor</strong></span> <span class='ocrx_word' id='word_1_507' title='bbox 1591 2872 1701 2920; x_wconf 82' lang='lat' dir='ltr'><strong>perfi-</strong></span> 
     </span>
     <span class='ocr_line' id='line_1_68' title="bbox 930 2921 1701 2968; baseline 0.006 -11"><span class='ocrx_word' id='word_1_508' title='bbox 930 2921 1078 2958; x_wconf 84' lang='lat' dir='ltr'><strong>cienda.</strong></span> <span class='ocrx_word' id='word_1_509' title='bbox 1100 2921 1197 2958; x_wconf 85' lang='lat' dir='ltr'><strong>Nam</strong></span> <span class='ocrx_word' id='word_1_510' title='bbox 1216 2921 1345 2968; x_wconf 74' lang='lat' dir='ltr'><strong>gloriae</strong></span> <span class='ocrx_word' id='word_1_511' title='bbox 1372 2921 1426 2960; x_wconf 90' lang='lat' dir='ltr'><strong>ibi</strong></span> <span class='ocrx_word' id='word_1_512' title='bbox 1455 2921 1701 2962; x_wconf 68' lang='lat' dir='ltr'><strong>ostendendae</strong></span> 
     </span>
     <span class='ocr_line' id='line_1_69' title="bbox 931 2968 1696 3017; baseline 0.003 -13"><span class='ocrx_word' id='word_1_513' title='bbox 931 2968 1126 3015; x_wconf 88' lang='lat' dir='ltr'><strong>specimen</strong></span> <span class='ocrx_word' id='word_1_514' title='bbox 1141 2974 1289 3006; x_wconf 83' lang='lat' dir='ltr'><strong>tantum</strong></span> <span class='ocrx_word' id='word_1_515' title='bbox 1301 2970 1455 3017; x_wconf 77' lang='lat' dir='ltr'><strong>aliquod</strong></span> <span class='ocrx_word' id='word_1_516' title='bbox 1470 2969 1696 3007; x_wconf 82' lang='lat' dir='ltr'><strong>exhibetur:</strong></span> 
     </span>
    </p>
   </div>
  </div>
 </body>
</html>
