1858 3184
1646 134 1699 174 93

123 228 196 269 des
227 226 365 267 mains
393 225 465 267 (105
494 223 742 278 Egyptians,
777 228 820 264 et
847 235 957 276 pour
987 222 1026 262 le
1059 221 1166 262 faire
1195 232 1338 274 passer
1367 221 1419 261 (10
1450 223 1561 262 cette
1590 225 1703 264 terre

123 304 177 333 en
196 304 280 333 une
299 293 410 332 terre
427 290 565 332 bonne
583 292 627 330 ct
645 289 874 342 spaciense,
898 301 950 328 en
971 299 1057 327 une
1077 290 1189 327 terre
1209 288 1265 326 ou
1284 285 1454 326 coulent
1485 287 1559 326 des
1589 287 1700 327 ruis-

122 369 254 398 seaux
272 356 324 397 de
342 355 416 396 lait
439 357 481 395 et
512 354 563 394 (10
590 354 706 394 miel.
730 352 881 408 (Exod.
903 364 966 401 111,
989 356 1012 393 7
1034 356 1075 391 et
1094 351 1153 404 8.)
1173 366 1192 389 υ
1223 353 1302 392 Les
1329 352 1499 392 enfants
1530 351 1704 392 d’lsrael

67 449 74 456 ·
123 421 393 474 gemissaient
409 420 518 461 donc
535 431 632 460 sous
663 419 723 459 les
749 418 954 459 fardeaux
972 421 1015 458 et
1035 418 1075 457 la
1095 417 1331 464 servitude;
1353 416 1467 456 leurs
1494 417 1700 468 gemisse-

117 489 268 536 ments,
288 486 401 526 leurs
418 485 498 525 cris
517 487 559 525 et
577 485 689 525 leurs
706 484 874 533 larmes,
889 483 1134 536 parvinrent
1151 482 1352 534 jusqu‘au
1374 482 1467 531 ciel,
1492 483 1699 522 emurent

119 552 170 593 de
189 550 448 603 compassion
467 550 508 590 la
526 549 668 590 divine
686 549 956 590 misericorde
976 548 1049 601 qui
1069 548 1160 587 vint
1191 559 1247 587 au
1279 559 1451 587 secours
1483 546 1558 587 des
1593 547 1706 587 affli-

124 616 211 669 ges.

173 682 217 722 3⁰
227 680 259 721 11
278 680 451 731 indique
470 680 511 719 la
529 680 745 732 puissance
766 683 808 720 et
826 679 864 719 10
880 679 1004 718 mode
1023 678 1140 718 selon
1157 678 1295 730 lequel
1310 677 1339 717 il
1354 690 1379 717 a
1392 677 1557 718 deci-ete
1573 677 1706 718 (10105

121 754 272 786 sauver
294 757 303 783 :
323 761 342 781 α
363 745 412 786 Je
432 745 516 784 suis
536 746 574 785 le
596 745 819 798 Seigneur,
837 744 938 785 c'est
958 744 1043 783 moi
1059 744 1250 796 quivous
1269 743 1410 782 tirerai
1427 743 1477 782 de
1498 742 1539 782 la
1558 742 1702 795 prison

121 810 193 851 des
211 810 457 863 Egyptians,
483 810 556 863 qui
577 822 680 850 vous
697 810 920 851 delivrerai
942 809 993 849 de
1020 809 1060 848 la
1091 807 1302 847 servitude
1335 810 1378 847 et
1409 807 1482 860 qui
1502 820 1606 847 vous
1626 819 1696 848 ra-

120 875 319 924 cheterai‚
343 887 395 915 en
427 875 654 927 deployant
685 875 727 915 la
757 875 870 915 force
890 875 942 915 (10
969 886 1065 913 mon
1088 874 1184 913 bras
1204 877 1246 913 et
1265 885 1318 913 en
1355 873 1510 912 faisant
1540 874 1701 912 ecloter

119 941 162 981 la
180 940 358 980 severim
389 941 441 980 de
474 952 562 980 mes
589 941 846 992 jugements.
868 938 1023 991 (Ea-od.
1048 950 1106 988 vl,
1126 939 1188 991 6.)
1204 954 1223 974 »
1247 940 1303 978 La
1326 939 1490 978 version
1525 938 1693 978 hebrai-

121 1017 202 1058 que
222 1011 340 1058 porte
358 1019 368 1045 z
387 1006 426 1045 (ἠ
446 1005 606 1046 brachio
625 1011 798 1051 extento.
816 1009 858 1044 et
878 1005 1050 1056 l'Eglise
1070 1017 1095 1044 a
1114 1004 1340 1043 suivicette
1364 1003 1480 1055 leqon
1501 1003 1606 1043 dans
1624 1015 1700 1042 son

121 1070 348 1111 Antienne.
371 1072 469 1111 Cela
489 1071 585 1112 s'est
616 1071 694 1110 fait
726 1083 801 1123 par
833 1070 893 1110 les
926 1070 1056 1122 plaies
1088 1069 1295 1121 d'Egypte
1329 1081 1437 1121 pour
1473 1068 1696 1120 lesquelles

121 1135 250 1177 Moise
269 1136 430 1176 etendit
450 1149 526 1176 son
554 1136 650 1176 bras
682 1148 782 1176 avec
804 1136 844 1175 la
864 1147 993 1186 verge
1015 1135 1066 1174 de
1087 1134 1126 1173 la
1148 1135 1363 1186 puissance
1385 1134 1457 1186 qui
1490 1133 1550 1172 lui
1583 1133 1698 1173 avait

119 1201 187 1242 ete
207 1202 368 1242 confiee
387 1214 463 1254 par
481 1201 603 1241 Dieu.
620 1201 829 1253 Quelques
849 1200 1071 1240 traditions
1091 1202 1261 1250 portent
1280 1210 1362 1250 que
1383 1198 1422 1237 le
1442 1198 1701 1250 Tetrayram-

121 1271 256 1307 matun
275 1278 330 1306 ou
359 1265 680 1315 Quadrillitteras
711 1266 814 1305 etait
849 1266 976 1316 grave
997 1277 1070 1303 sur
1088 1268 1194 1304 cette
1221 1275 1364 1314 verge‚
1395 1263 1593 1315 laquelle,
1622 1263 1701 1303 dit·

122 1342 193 1380 οη,
208 1331 311 1371 etait
329 1333 486 1380 carme,
503 1334 527 1370 a
546 1337 694 1383 quatre
714 1331 838 1380 faces,
855 1343 927 1369 sur
947 1330 1134 1369 chacune
1155 1329 1389 1381 desquelles
1408 1341 1462 1368 on
1484 1329 1597 1368 lisait
1618 1339 1702 1369 uno

125 1395 250 1436 lettre
271 1396 322 1436 de
342 1408 388 1436 ce
409 1397 515 1436 Nom
542 1396 753 1435 ineffable.
777 1396 884 1434 (I'cst
916 1396 1129 1447 peut-etre
1162 1397 1186 1433 a
1219 1406 1341 1433 cause
1375 1394 1426 1433 de
1458 1393 1548 1433 cela
1568 1393 1698 1446 qu'on

123 1459 318 1513 l'appelle
354 1477 373 1498 α
403 1462 541 1512 Verge
572 1461 623 1500 (10
654 1461 812 1506 Dieu‚»
836 1460 951 1499 selon
989 1463 1097 1499 cette
1129 1458 1372 1510 expression
1406 1458 1456 1498 de
1489 1458 1696 1498 l’Exode:

129 1540 150 1566 α
167 1526 297 1567 Moise
316 1529 514 1566 retourne
546 1538 599 1566 en
633 1526 812 1577 Egypte‚
836 1530 1004 1577 portant
1023 1527 1047 1563 a
1067 1524 1106 1563 lu
1127 1524 1243 1563 main
1264 1524 1304 1563 la
1327 1535 1453 1575 verge
1487 1523 1537 1563 de
1571 1524 1698 1564 Dieu.

120 1590 198 1644 (lv,
219 1589 303 1643 20.)
322 1605 340 1629 »
356 1590 472 1639 Mais,
496 1602 768 1642 remarquous
787 1590 880 1643 plus
900 1592 1029 1629 avant
1049 1589 1153 1628 dans
1166 1589 1204 1628 10
1218 1588 1348 1628 detail
1362 1592 1576 1628 comment
1589 1588 1694 1629 Dieu

119 1655 180 1696 les
198 1668 223 1696 a
250 1656 439 1696 monetes
463 1669 482 1693 ι(
502 1668 555 1695 en
586 1656 818 1708 deployant
854 1654 894 1695 la
933 1655 1045 1694 force
1065 1655 1115 1694 de
1137 1666 1213 1694 son
1231 1653 1328 1693 bras
1365 1657 1407 1694 et
1444 1665 1498 1694 en
1538 1653 1695 1694 faisant

120 1721 277 1762 eclater
319 1719 616 1762 d'admirahles
658 1719 871 1773 prodigas.
902 1735 921 1756 υ
961 1723 998 1760 1⁰
1033 1720 1161 1759 Mo‘ise
1194 1719 1356 1759 etendit
1389 1720 1427 1759 le
1458 1719 1557 1758 bras
1598 1730 1700 1760 avec

119 1785 163 1826 la
179 1798 308 1838 vergo
328 1798 400 1825 sur
418 1785 477 1825 les
497 1797 607 1826 eaux
638 1791 679 1825 et
708 1786 808 1825 elles
829 1785 968 1824 fureut
1002 1785 1188 1836 changes
1207 1796 1261 1824 en
1281 1796 1403 1836 sang.
1427 1783 1459 1823 ll
1480 1783 1701 1824 couveuait

122 1863 204 1904 que
222 1863 267 1891 ce
286 1851 439 1900 fleuve,
461 1853 517 1890 ou
536 1851 595 1891 les
615 1850 844 1903 Egyptieus
865 1850 1034 1890 avaient
1065 1849 1340 1890 cruellemeut
1360 1851 1471 1900 noye
1494 1849 1554 1889 les
1574 1848 1701 1902 petits

812 146 837 177 0
864 137 1037 176 ammi.

125 1946 1701 1967 ————q-————-———

121 1989 157 2037 c't
176 2000 300 2036 sciens
320 1999 489 2036 dolorem
517 2000 598 2046 cjus
630 1999 824 2043 descendi,
847 2003 886 2034 ut

119 2046 278 2083 liberem
298 2057 385 2083 cum
417 2048 463 2083 de
496 2047 672 2084 manibus
693 2047 884 2093 AEgyptio—

118 2105 219 2140 rum,
239 2099 275 2131 et
294 2095 453 2131 educam
473 2095 520 2131 de
540 2100 637 2131 terra
659 2094 725 2131 illa
747 2096 784 2130 in
809 2099 885 2130 ter-

117 2152 198 2179 ram
220 2141 358 2179 bonam
390 2147 426 2179 et
456 2143 673 2189 spatiosam,
694 2152 778 2188 quae
806 2142 887 2178 ssuit

117 2189 213 2227 lacte
233 2194 269 2227 ct
289 2189 685 2227 melle.»Ge1nebant
705 2200 792 2236 0130
818 2189 885 2225 tilii

117 2237 232 2274 Israel
253 2237 322 2274 sub
343 2247 458 2274 oncle
477 2243 512 2274 et
536 2239 725 2281 servitute,
756 2242 791 2274 ct
818 2247 885 2283 ge-

117 2285 247 2328 mitus,
281 2285 438 2330 clamor,
469 2285 646 2331 lacrymae
682 2295 813 2321 eorum
845 2285 885 2321 in

117 2332 257 2370 coelum
277 2342 395 2380 usque
414 2338 679 2379 pervenerunt,
694 2333 884 2369 divinam-

117 2390 190 2428 que
207 2380 506 2417 misericordiam
520 2381 566 2418 ad
580 2380 884 2427 compassionem

117 2432 419 2472 commoverunt,
440 2433 480 2464 ut
510 2427 661 2466 afflictis
693 2438 886 2464 succurre·

117 2479 186 2512 ret.

163 2522 302 2563 Tertio.
335 2522 510 2559 virtutem
543 2526 579 2559 ct
617 2522 772 2559 modum
810 2532 884 2568 quo

117 2579 180 2621 eos
198 2569 362 2606 decrevit
381 2569 556 2615 liberare,
583 2569 738 2614 indicat,
769 2580 802 2606 c.
820 2580 881 2607 vi:

121 2630 135 2648 u
157 2617 235 2664 Ego
257 2617 455 2660 Dominus,
476 2617 541 2663 qui
574 2617 733 2654 educam
753 2628 819 2654 vos
838 2618 884 2654 de

116 2665 301 2710 ergastulo
320 2646 592 2712 AEgypt’iorum‚
614 2669 651 2701 et
677 2675 806 2701 cruam
839 2666 884 2701 de

117 2711 307 2756 servitute,
345 2718 382 2749 et
419 2712 604 2749 redimam
649 2712 690 2749 in
730 2712 884 2749 brachio

117 2757 280 2803 excelso,
300 2763 336 2797 et
351 2759 506 2806 Judiciis
526 2761 688 2807 magnis.
700 2760 885 2797 »Hebraea

116 2805 288 2852 legunt:
332 2821 345 2838 u
381 2808 427 2843 In
465 2787 620 2844 brachio
659 2812 827 2851 extento,

116 2863 231 2899 quam
256 2852 458 2891 lectionem
489 2854 531 2891 iu
565 2854 635 2891 hac
669 2855 886 2902 Antiphona

115 2905 245 2937 sccuta
264 2904 319 2937 est
346 2900 529 2939 Ecclesia.
552 2902 630 2939 Hoc
658 2907 785 2939 autem
816 2914 886 2950 pc-

114 2953 263 2987 ractum
282 2950 352 2995 est,
371 2957 439 2995 per
469 2953 524 2987 tot
555 2950 684 2997 plagas
704 2950 887 2998 AEgyptiis

928 1999 1110 2041 inflictas3
1134 1999 1172 2034 in
1194 1998 1331 2045 quibus
1357 1998 1525 2035 extendit
1553 1998 1702 2043 Moyses

928 2046 1124 2082 brachium
1145 2056 1234 2083 cuni
1256 2047 1358 2091 virga
1378 2046 1558 2093 potentiae
1585 2045 1658 2087 sibi
1677 2057 1702 2082 a

929 2095 1002 2130 Deo
1035 2093 1258 2140 consignata
1298 2094 1337 2130 in
1371 2104 1445 2139 qua
1482 2098 1517 2129 et
1558 2103 1702 2129 nomen

925 2142 1057 2186 letra·
1049 2146 1290 2183 rammaton,
1331 2141 1407 2177 sive
1453 2141 1703 2184 Quadrilitte-

926 2200 1025 2232 rum
1048 2189 1275 2239 inscriptum
1308 2189 1436 2234 fuisse,
1470 2188 1590 2234 aliqui
1623 2192 1702 2225 tra-

925 2237 1032 2273 dunt.
1069 2231 1280 2282 Putantquc
1312 2237 1430 2272 luisse
1463 2236 1702 2282 quadratam,

925 2285 1002 2320 sive
1055 2284 1366 2330 qu·1dri11terum,
1411 2288 1445 2320 et
1495 2283 1626 2319 unicui
1654 2293 1704 2320 uc

927 2332 1032 2368 Ι·(ιοι·1
1054 2342 1170 2368 unam
1202 2331 1378 2369 Nominis
1398 2332 1502 2368 illius
1522 2330 1636 2367 ineisa
1664 2330 1702 2368 i-

926 2380 972 2415 115
994 2380 1156 2415 litteram
1179 2380 1401 2426 inscriptam
1427 2379 1557 2415 fuissc.
1581 2378 1702 2425 Prop-

925 2432 1024 2464 terea
1058 2428 1152 2464 forte
1188 2432 1339 2463 vocatur
1365 2440 1379 2458 «ι
1415 2426 1528 2472 Virga
1561 2426 1644 2472 Dei,
1680 2441 1697 2459 ι»

926 2475 1041 2511 Exod.
1078 2486 1126 2511 iv.
1160 2475 1382 2512 ‹Reversus
1403 2479 1458 2510 est
1486 2474 1632 2520 Moyses
1658 2473 1702 2511 in

924 2523 1139 2570 AEgyptum‚
1173 2528 1328 2569 portans
1362 2522 1514 2568 virgam
1554 2521 1619 2558 Dei
1657 2521 1702 2558 in

925 2581 1054 2606 mmu.
1082 2570 1198 2606 »Sed
1230 2569 1382 2606 attende
1415 2569 1700 2615 particularius,

924 2586 1112 2665 quomodo
1136 2619 1233 2654 Deus
1254 2628 1317 2654 cos
1338 2616 1562 2654 redemerit
1552 2627 1594 2653 m
1610 2616 1700 2653 bra-

924 2666 1011 2702 chio
1032 2666 1182 2702 excelso
1215 2669 1250 2701 et
1283 2668 1450 2708 extento,
1470 2675 1515 2701 ac
1544 2664 1701 2701 indiciis

925 2714 1086 2760 magnis.
1115 2713 1144 2749 l.
1167 2711 1343 2748 Extendit
1365 2711 1563 2748 brachium
1588 2712 1700 2756 Moy-

925 2771 984 2797 ses
1004 2771 1092 2797 cum
1119 2761 1222 2805 virga
1255 2770 1368 2806 super
1395 2770 1526 2806 aquas,
1558 2764 1593 2796 et
1622 2759 1700 2799 itlae

868 2823 880 2840 n
927 2819 1043 2844 versae
1076 2812 1164 2843 sunt
1198 2807 1238 2842 in
1267 2807 1491 2853 sanguinem
1533 2807 1700 2853 Dignum

926 2855 1198 2898 cni111suit‚ut
1231 2854 1264 2890 is
1295 2855 1448 2899 fluvius,
1470 2854 1532 2891 cui
1565 2863 1700 2901 parvu-

928 2903 983 2938 los
1007 2902 1250 2938 llcbraeorum
1288 2903 1432 2940 crudeli
1465 2912 1561 2939 nece
1594 2911 1699 2938 mer-

926 2949 1070 2997 gendos
1091 2949 1342 2996 tradiderunt,
1362 2949 1582 2988 auctoribus
1611 2959 1698 2988 sce-
