1858 3184
132 229 257 271 sinon
277 229 316 270 le
335 228 472 270 Christ
490 239 622 278 66666
655 226 759 266 (1665
779 225 818 266 16
844 226 932 266 5616
965 226 1090 265 d’une
1119 225 1266 278 vierge
1298 228 1340 266 et
1372 226 1426 265 66
1455 237 1550 266 5665
1568 225 1704 268 brisei-

137 306 182 335 sa
203 294 418 347 virginite.
439 292 627 344 L’Eglise
659 292 698 331 le
729 291 877 331 chante
901 302 909 330 :
931 305 950 328 ((
972 292 1027 331 Le
1053 291 1221 331 buisson
1243 303 1323 343 que
1355 291 1483 331 Moise
1513 291 1627 331 avait
1646 303 1702 332 vn

138 361 270 400 161661
289 372 342 399 66
364 358 508 399 milieu
529 357 584 396 du
606 356 692 405 166,
715 368 821 396 6665
852 368 983 396 avons
1003 368 1188 396 recounu
1209 356 1310 409 qu'il
1330 356 1431 395 etait
1461 356 1632 408 l'image
1650 356 1703 397 de

810 147 835 178 0
861 141 1029 178 ΑΒΜΔΪ.

139 428 254 465 votre
279 422 510 464 admirable
540 421 742 472 virginite
773 424 1012 468 conseri-ee,
1035 422 1061 460 6
1093 422 1207 462 mere
1240 421 1291 460 de
1326 420 1456 461 Dieul
1482 435 1500 458 n
1523 421 1703 461 Ecoutez

138 489 315 535 Riehard
335 488 386 529 de
412 487 708 535 Saint—Victor,
742 485 990 539 appliquant
1020 489 1127 526 cette
1160 486 1293 525 vision
1315 486 1366 525 de
1386 486 1516 526 Mo‘ise
1541 486 1646 525 dans
1664 485 1704 527 16

136 555 303 595 buisson
331 556 356 594 6
386 554 426 592 16
458 552 689 592 tres-sainte
720 552 874 603 Vierge
899 563 908 590 :
929 567 949 588 «
970 552 1027 592 La
1048 551 1179 590 vision
1213 551 1287 603 qui
1319 555 1499 603 apparut
1529 551 1634 591 dans
1664 550 1703 591 le

135 620 303 661 buisson
335 621 359 658 6
390 618 535 668 Mo'ise,
557 618 671 658 dit-il
691 616 823 670 (Com.
855 629 924 655 sur
954 615 1245 670 I'Apocalypse.
1270 616 1606 668 lntroducfiom),
1639 616 1703 656 161

135 684 309 738 remplie
329 684 379 724 de
401 683 610 736 symbolas
630 687 672 722 et
692 682 743 722 de
763 682 936 733 figures,
958 684 1017 722 La
1035 681 1205 722 flamme
1224 681 1399 734 designa
1432 682 1471 720 la
1505 683 1626 733 grace
1647 681 1703 722 du

136 749 431 801 Saint-Esprit.
455 750 509 788 Le
530 748 717 796 buisson,
741 747 910 787 arbuste
935 747 1056 799 petit,
1078 759 1278 799 sauvage,
1302 749 1392 786 vert
1410 751 1451 786 et
1471 746 1606 796 fleuri,
1629 746 1703 787 (16·

131 815 254 867 51366
274 814 418 865 Μ6116,
439 813 612 853 humble
630 815 656 852 6
675 825 797 853 66656
811 813 862 852 (16
876 824 950 852 566
973 812 1127 866 mepris
1147 824 1254 865 pour
1273 812 1522 859 elle-meme,
1540 814 1640 864 Apte
1660 814 1703 852 et

133 892 315 931 sauvage
335 881 359 919 a
377 891 499 919 cause
519 879 571 918 de
591 878 807 919 l’exercice
827 878 899 918 des
918 882 1059 918 vertus
1078 878 1151 930 qui
1177 877 1219 917 la
1248 877 1387 917 faisait
1408 877 1537 917 lutter
1557 881 1702 918 contre

134 945 175 985 la
195 945 400 993 1116116556,
423 947 538 984 verte
559 946 580 983 a
602 955 724 984 cause
745 943 795 983 (16
827 955 872 982 56
891 943 967 992 161,
989 943 1135 983 sseurie
1153 946 1178 982 a
1198 954 1322 983 cause
1341 942 1391 982 de
1424 955 1468 982 sa
1499 942 1699 983 chestete.

133 1010 281 1059 Quanti
302 1010 340 1050 le
363 1009 569 1061 Seigneur
583 1009 775 1062 apparait
789 1009 893 1048 dans
913 1008 950 1047 16
971 1008 1158 1058 buisson,
1176 1008 1216 1047 la
1235 1008 1341 1048 fleur
1361 1008 1496 1047 meme
1517 1010 1702 1060 respecta

134 1076 171 1116 16
191 1075 384 1124 buisson;
406 1074 573 1126 lorsque
594 1075 631 1113 16
652 1073 735 1113 Fils
755 1073 807 1113 de
826 1073 930 1113 Dieu
951 1073 1157 1114 s'incarne
1177 1073 1279 1112 dans
1303 1073 1343 1112 la
1363 1073 1517 1124 Vicrge
1538 1085 1613 1125 par
1633 1072 1704 1113 l'o-

131 1140 322 1194 peration
342 1140 398 1181 du
425 1140 710 1191 Saint-Esprit
740 1139 813 1191 qui
833 1138 874 1178 la
893 1139 1057 1178 couvrit
1077 1139 1128 1178 de
1153 1151 1228 1178 son
1260 1138 1420 1186 ombre,
1443 1138 1483 1178 la
1505 1138 1702 1189 1111316116

131 1206 329 1247 domeure
351 1206 521 1245 1616616.
543 1205 660 1245 Cette
681 1204 813 1243 vision
841 1203 1066 1255 symbolise
1087 1203 1195 1243 donc
1228 1204 1269 1243 la
1301 1209 1419 1242 νει-16
1441 1203 1496 1242 (16
1520 1205 1703 1255 mystere

107 1259 110 1265 ’
130 1271 296 1311 6616516.
317 1269 425 1310 C'est
444 1282 488 1309 ce
509 1269 580 1321 qui
607 1268 746 1308 faisait
767 1269 857 1308 dire
889 1270 914 1308 6
945 1269 1074 1308 Moise
1097 1280 1106 1308 :
1128 1268 1246 1308 J'irai
1277 1272 1319 1308 61
1343 1269 1388 1320 je
1421 1268 1703 1309 reconnaitrai

131 1340 237 1377 cette
258 1335 470 1375 merveille
492 1346 571 1386 quc
586 1333 630 1386 je
650 1334 753 1374 vois.
777 1335 831 1373 Ce
851 1334 918 1373 fut
938 1334 1247 1373 effectivement
1267 1346 1350 1373 une
1383 1334 1599 1374 mex-voille
1618 1346 1702 1387 que

132 1403 238 1442 cette
258 1400 391 1439 vision
413 1399 483 1452 qui
503 1399 551 1439 fit
570 1399 725 1439 eclater
745 1412 802 1438 66
825 1398 995 1439 16116616
1014 1399 1115 1439 (1665
1136 1399 1172 1438 16
1192 1402 1361 1451 present
1381 1403 1421 1438 61
1442 1399 1583 1451 figura
1602 1399 1699 1439 l'in·

132 1465 286 1518 1631116
317 1464 574 1516 perpetualia
608 1465 657 1503 (16
688 1463 729 1504 16
760 1464 1068 1516 vierge-litere.
1094 1479 1112 1502 υ
1139 1464 1559 1517 Approchons-nous,
1596 1476 1701 1505 nous

130 1530 257 1571 aussi.
278 1531 338 1570 En
359 1542 404 1569 ce
423 1530 535 1570 saint
555 1532 702 1581 temps,
726 1529 995 1569 considemus
1013 1532 1120 1570 cette
1143 1530 1303 1582 grande
1322 1530 1474 1580 vision,
1490 1531 1527 1570 le
1547 1529 1701 1571 double

130 1595 308 1648 prodige
329 1594 502 1646 indique
534 1595 638 1634 dans
659 1594 696 1634 16
720 1595 909 1643 13615566,
930 1595 1069 1634 savoir
1092 1606 1100 1634 :
1124 1599 1335 1635 comment
1365 1596 1404 1635 16
1435 1596 1504 1635 166
1536 1596 1701 1636 (166516

126 1659 306 1701 divinite
325 1659 525 1699 5’661166
558 1659 711 1710 fragile
743 1659 914 1699 buisson
945 1659 996 1699 de
1030 1661 1069 1699 la
1101 1662 1250 1700 nature
1282 1660 1497 1711 humaiue,
1519 1660 1700 1714 laquelle

129 1724 378 1766 6666616165
406 1724 602 1764 (16616616
622 1724 781 1764 6611616
802 1729 844 1764 61
864 1725 1042 1775 1616616;
1066 1728 1280 1766 comment
1299 1738 1378 1766 666
1401 1726 1572 1775 femme,
1594 1728 1698 1779 636-

127 1789 286 1831 1616661
321 1789 424 1829 frele
455 1793 496 1829 et
524 1788 672 1830 sseurie
704 1791 729 1829 6
759 1801 882 1829 cause
919 1790 970 1829 (16
1008 1802 1054 1829 56
1084 1790 1288 1842 66651616,
1309 1791 1470 1843 6666611
1503 1804 1560 1831 66
1592 1791 1701 1832 Dieu

129 1959 258 1992 tamen
275 1953 444 1998 ardente,
458 1952 533 1991 nisi
549 1953 718 1990 Christus
734 1965 895 2010 concep-

130 2006 189 2039 tus
209 2002 249 2038 in
269 2001 435 2048 Virgine,
464 2005 500 2037 61
530 2006 641 2038 natus
660 2002 743 2039 sine
769 2003 894 2049 Virgi-

130 2049 260 2087 6116115
291 2049 458 2086 laesione.
491 2049 551 2084 Sic
570 2049 672 2086 canit
693 2050 861 2087 Ecclesia
884 2062 892 2088 :

133 2112 147 2130 (ι
179 2096 328 2134 Rubum
358 2107 470 2143 quem
492 2096 631 2133 viderat
661 2097 807 2143 Moyses
840 2098 895 2135 in-

128 2143 383 2188 combustum,
393 2149 651 2181 conservatam
670 2146 894 2191 agnovimus

935 1966 1012 1992 non
1034 1956 1143 2001 laesit,
1176 1961 1211 1994 61
1246 1957 1340 1994 filio
1374 1958 1440 1994 Dei
1474 1958 1515 1995 16
1547 1958 1702 2005 Virgine

933 2013 1086 2040 carnem
1107 2009 1293 2051 sumente,
1315 2005 1568 2042 obumbrante
1586 2006 1702 2053 Spiri-

933 2055 992 2088 165
1017 2052 1145 2089 Sancti
1182 2052 1314 2097 gratia,
1348 2054 1468 2100 pudor
1506 2054 1700 2100 virginalis

933 2099 1075 2135 illaesus
1102 2101 1322 2146 permansit.
1345 2101 1432 2137 Haec
1464 2101 1577 2146 igitur
1606 2102 1700 2138 visio

932 2147 1096 2183 ccelestis
1127 2148 1359 2184 Sacramenli
1392 2149 1527 2184 virtute
1556 2149 1700 2185 redun-

130 2195 232 2229 tuam
241 2191 468 2228 laudabilem
478 2192 744 2237 virginitatem,
758 2194 820 2230 Dei
835 2205 893 2240 ge-

129 2238 282 2276 nitrix.»
295 2239 390 2276 Audi
405 2239 633 2276 Richardum
646 2240 692 2276 de
706 2241 894 2278 S.Victorc

132 2285 231 2324 hanc
262 2286 402 2332 Moysis
431 2286 614 2324 visionem
642 2288 683 2324 in
704 2288 810 2325 Rubo
831 2299 893 2325 sa-

127 2343 194 2371 cro
207 2338 347 2371 sanctas
367 2334 509 2380 Virgini
523 2335 793 2382 applicantem,
816 2335 892 2373 ini-

130 2381 181 2418 tio
218 2382 473 2428 Expositionis
509 2393 622 2429 super
654 2383 892 2430 Apocalypsi,

128 2427 195 2466 ubi
213 2429 265 2466 611
287 2439 295 2465 :
324 2442 338 2461 ι(
362 2428 462 2466 visio
483 2440 566 2476 quae
586 2430 704 2476 Moys1
725 2431 764 2468 in
785 2431 893 2468 Rubo

128 2477 363 2514 extrinsecus
393 2478 579 2524 apparuit,
603 2478 725 2524 typica
745 2479 893 2525 signiti-

123 2523 276 2561 canone
295 2524 407 2571 plena
427 2525 509 2561 suit.
532 2525 628 2569 Quid
651 2536 814 2572 namque
827 2537 892 2563 ac-

126 2569 290 2617 cipimus
310 2582 375 2619 per
396 2574 602 2617 flammam,
624 2573 699 2609 nisi
731 2574 894 2620 Spiritus

128 2614 254 2656 sancti
290 2619 477 2666 gratiam?
498 2621 593 2664 Quid
630 2632 697 2667 per
728 2621 892 2665 Rubum,

125 2661 300 2705 arborem
313 2667 522 2713 parvulam,
537 2678 723 2714 asperam,
735 2669 893 2706 viridem

129 2712 382 2764 eit-floridam,
404 2714 477 2751 nisi
510 2715 547 2751 Β.
570 2715 612 2752 V.
635 2716 806 2761 Mariam,
828 2727 894 2764 per

131 2767 191 2794 561
210 2764 466 2807 contemptum
495 2761 692 2807 humilem,
717 2774 784 2810 per
816 2765 892 2800 vir-

129 2809 254 2842 tulum
294 2810 515 2846 exercitium
552 2821 725 2857 asperam
762 2815 893 2848 contra

131 2853 345 2899 mollitiem,
365 2856 522 2894 viridem
551 2868 617 2904 per
637 2857 765 2905 fidem,
787 2859 893 2896 nori-

130 2900 218 2937 dam
237 2910 304 2947 per
323 2903 557 2941 castitatem?
582 2905 744 2943 Domino
770 2907 894 2953 itaque

127 2952 335 2997 apparente
365 2949 546 2999 inRubo,
566 2954 719 2992 flamma
743 2953 894 2992 Rubum

931 2194 1007 2230 dat.
1024 2194 1127 2232 Unde
1143 2195 1289 2241 Moyses
1303 2206 1333 2232 :a
1352 2196 1491 2232 Vadam
1513 2201 1547 2232 61
1566 2195 1699 2234 videbo

934 2242 1116 2279 visionem
1167 2243 1264 2279 banc
1303 2254 1493 2290 magnam.
1520 2259 1533 2275 ι»
1559 2243 1699 2282 Revera

931 2290 1035 2326 enim
1055 2289 1147 2326 visio
1163 2301 1299 2338 magna
1319 2291 1404 2334 suit,
1424 2302 1507 2337 quae
1541 2295 1576 2327 et
1607 2302 1699 2338 prae·

931 2347 1019 2373 sens
1051 2341 1141 2374 tunc
1174 2339 1401 2375 miraculum
1438 2338 1623 2383 exhibuit,
1662 2343 1700 2376 61

932 2385 1233 2422 incarnationem
1277 2386 1411 2430 Verbi,
1451 2397 1496 2422 ac
1535 2386 1699 2433 Virginis

933 2432 1060 2469 Matris
1081 2432 1335 2480 integritatem
1356 2438 1575 2480 perpetuam
1599 2445 1699 2480 prae-

931 2480 1105 2525 signavit.
1133 2496 1145 2512 »
1174 2482 1259 2518 llaec
1291 2482 1369 2518 ille.
1393 2481 1625 2518 Accedamus
1663 2486 1700 2520 et

931 2538 1016 2571 665,
1050 2533 1270 2575 sacratoque
1303 2529 1373 2565 hoc
1405 2533 1573 2575 tempore
1603 2539 1698 2567 eon-

933 2575 1159 2621 tcmplemur
1174 2577 1359 2613 visionem
1379 2575 1489 2612 istam
1502 2586 1696 2624 magnam,

931 2623 1144 2670 prodigium
1191 2624 1330 2670 duplex
1376 2623 1416 2659 in
1460 2623 1565 2661 Rubo
1610 2625 1701 2662 insi-

931 2674 1104 2708 nuatum.
1147 2671 1341 2715 Quomodo
1378 2670 1478 2717 ignis
1517 2672 1583 2708 Dei
1615 2673 1701 2709 talis

932 2718 1084 2755 uniatur
1103 2718 1228 2764 fragili
1249 2718 1355 2754 Rubo
1377 2718 1554 2756 humanae
1584 2724 1699 2756 natu-

931 2775 997 2809 166,
1018 2776 1102 2812 quae
1122 2770 1247 2802 tamen
1269 2765 1412 2812 integra
1424 2771 1461 2803 et
1480 2767 1599 2804 illaesa
1618 2777 1700 2814 per·

931 2818 1086 2850 severat.
1110 2813 1306 2856 Quomodo
1326 2813 1463 2850 mulier
1487 2816 1601 2850 etiam
1621 2814 1699 2851 fra-

931 2860 1017 2905 gilis
1036 2865 1071 2896 et
1093 2860 1222 2896 florida
1246 2871 1313 2907 per
1331 2862 1556 2906 castitatem,
1579 2862 1700 2900 Deum

933 2907 1129 2944 hominem
1174 2908 1384 2956 concipiat,
1428 2909 1549 2946 illaeso
1591 2912 1701 2956 nore,

931 2954 1053 2992 illaesa
1099 2955 1281 2994 castitate.
1331 2956 1700 3005 appropimquemus
