1858 3184
863 139 1055 182 n'avn’r.
1703 160 1706 163 >
1721 141 1748 180 9

231 235 272 274 1⁰
292 231 383 274 Elle
401 229 588 285 reppello
606 229 780 272 d'abord
800 230 861 270 les
875 229 975 270 voix
996 230 1288 282 gemissantes,
1310 229 1382 269 des
1401 228 1544 268 Saints
1563 229 1686 269 Peras
1704 230 1748 268 et

173 299 235 340 les
256 298 386 339 desire
405 296 575 338 ardents
594 296 667 336 des
681 295 815 348 justes
834 295 1056 348 soupirant
1072 296 1194 348 apres
1212 294 1496 334 l'avenement
1523 294 1579 333 du
1599 293 1666 334 fils
1694 293 1747 334 de

173 364 294 412 Dieu,
318 375 391 403 son
413 363 579 414 upon,
601 361 679 401 tels
696 361 825 414 qu’on
846 360 905 400 les
925 364 1073 401 trouve
1093 372 1147 400 en
1167 360 1412 400 abondance
1432 359 1536 398 daus
1568 358 1747 400 l'ancien

173 431 431 470 Testament.
466 429 543 468 Ces
574 426 704 467 desirs
735 439 788 467 en
819 426 920 467 effet
949 427 1291 466 commencerent.
1320 437 1419 465 avec
1448 424 1507 464 les
1544 423 1747 476 premiere

169 496 288 547 joui-s
307 493 364 534 du
395 492 548 533 monde
578 495 620 533 et
651 503 706 533 ne
731 493 939 532 cesserent
968 491 1076 544 plus,
1095 490 1266 544 jusqu’a
1297 502 1342 530 ee
1374 501 1456 541 que
1493 488 1671 541 l'Epoux
1695 488 1747 528 de

171 558 339 610 l’Eglise
358 557 562 607 arrivant,
584 570 612 609 y
631 556 709 598 mit
728 556 786 597 fin
807 560 848 596 et
867 556 1061 609 changea
1081 556 1270 597 l'attente
1291 556 1342 595 de
1368 555 1568 595 l'univers
1591 554 1746 606 gemis·

171 626 266 663 sant
285 635 337 663 en
353 622 440 675 joie
459 625 502 662 et
521 634 574 662 en
594 622 834 674 aliegresse.
857 622 964 662 C’est
985 622 1194 675 pourquoi
1232 622 1270 661 le
1304 620 1512 672 Propheta
1532 619 1671 667 disail,
1691 630 1744 659 en

170 700 245 729 son
267 700 419 741 propre
440 699 538 727 nom
558 692 674 728 etan
694 699 792 726 nom
813 687 864 728 de
897 690 992 727 tous
1012 687 1070 727 les
1097 688 1264 739 justes:
1298 701 1317 724 α
1354 686 1403 726 Je
1435 697 1492 726 ne
1523 696 1592 725 me
1622 684 1746 725 tairai

169 753 288 806 point
307 765 360 793 en
380 753 528 793 faveur
548 752 599 792 de
620 752 720 794 Sion
746 764 754 790 :
772 753 816 804 je
842 751 1002 792 n'aurai
1037 752 1156 805 point
1187 751 1239 792 de
1270 763 1394 803 repos
1425 762 1478 791 en
1515 750 1663 790 faveur
1694 749 1746 790 de

171 817 418 867 Jerusalem,
439 816 611 870 jusqu'a
630 829 676 858 ce
696 829 777 870 que
797 829 872 856 son
898 817 1011 869 juste
1042 817 1228 870 paraisse
1259 828 1423 856 comme
1454 827 1537 855 une
1568 814 1747 855 lumiere

168 885 209 923 et
228 894 311 936 que
331 894 406 922 son
427 884 618 923 Sauveur
631 881 752 922 brille
766 894 928 922 comme
943 894 1026 922 une
1041 883 1194 935 lampe.
1214 881 1344 935 (Isaie.
1362 892 1457 931 nxu,
1478 880 1534 933 1.)
1546 896 1566 916 »
1585 882 1661 920 Ces
1678 882 1748 932 ge-

170 948 438 1002 missements
466 959 573 988 nous
601 951 697 987 sont
716 946 905 1001 rappeles
930 959 1008 1000 par
1027 947 1086 988 les
1113 948 1376 988 invocations
1398 958 1407 986 :
1436 962 1455 985 ιι
1475 948 1508 987 O
1541 945 1744 997 Sagessei

168 1013 200 1054 O
221 1012 404 1053 Adona'il
429 1014 462 1052 ί)
483 1012 636 1053 Recine
649 1012 701 1054 de
719 1013 855 1053 sesse!
878 1014 911 1053 O
932 1013 1003 1053 Cle
1023 1012 1074 1053 de
1094 1012 1249 1052 David!
1273 1014 1306 1052 O
1327 1011 1498 1053 Orienti
1521 1012 1554 1052 O
1577 1011 1655 1052 noi
1673 1010 1748 1054 des

166 1077 359 1118 nationsl
382 1078 415 1119 Ο
435 1078 708 1118 Emmanuell
733 1092 752 1115 n
765 1077 952 1130 L'Eglise
970 1081 1070 1118 veut
1089 1090 1171 1131 que
1192 1091 1299 1118 nous
1312 1077 1520 1118 unissions
1534 1089 1610 1116 nos
1628 1074 1743 1125 voix,

167 1155 244 1183 nos
262 1155 405 1193 voeux,
425 1155 500 1183 nos
519 1143 672 1183 larmes
691 1146 733 1183 et
754 1155 830 1183 nos
849 1143 1028 1196 soupirs,
1050 1145 1075 1183 a
1094 1144 1280 1184 ceux-la.

219 1210 263 1248 2⁰
283 1208 373 1248 Elle
394 1209 527 1260 gemit
555 1208 813 1258 elle-meme,
830 1220 951 1261 parce
971 1220 1053 1261 que
1073 1213 1139 1248 cet
1158 1210 1411 1249 avenement
1430 1211 1472 1248 et
1491 1207 1532 1247 la
1551 1206 1743 1258 redemp-

164 1273 251 1314 tion
273 1272 371 1326 qu’il
394 1286 500 1314 nous
518 1285 544 1313 a
564 1277 764 1326 apportee
784 1286 809 1314 a
828 1276 894 1314 ete
915 1274 949 1313 si
969 1274 1056 1314 fort
1070 1274 1284 1314 inefficace
1299 1276 1341 1314 et
1353 1273 1389 1313 si
1402 1272 1550 1313 inutile
1566 1283 1671 1325 pour
1685 1282 1745 1311 un

168 1338 305 1390 grand
325 1338 517 1379 nombre.
548 1338 761 1379 Plusieurs
792 1351 845 1379 en
877 1338 974 1379 effet
1005 1350 1082 1392 par
1114 1339 1206 1379 leur
1237 1339 1303 1379 vie
1336 1342 1379 1379 et.
1416 1339 1508 1378 leur
1546 1336 1745 1377 eonduite

164 1403 418 1444 crimiuelles
446 1404 631 1444 rendent
650 1404 836 1453 inutiles,
859 1404 1137 1444 l'avenement
1167 1409 1210 1444 et
1241 1405 1282 1444 la
1300 1405 1382 1452 vie,
1398 1404 1458 1444 les
1489 1407 1666 1443 travaux
1703 1404 1746 1442 et

168 1467 229 1509 les
247 1479 393 1518 maux,
416 1469 454 1508 le
473 1481 583 1520 sang
602 1472 644 1509 et
663 1468 705 1508 la
725 1473 851 1518 mort,
873 1472 916 1509 et
936 1473 1030 1509 tous
1062 1468 1121 1509 les
1140 1469 1311 1510 merites
1330 1469 1386 1510 du
1417 1469 1500 1510 Fils
1538 1468 1595 1517 de
1620 1467 1743 1515 Dieu,

164 1536 205 1573 et
224 1533 275 1574 ils
293 1532 381 1573 s'en
395 1533 490 1573 font.
509 1534 646 1573 meme
664 1546 722 1574 un
744 1534 854 1586 quet
884 1534 935 1575 de
967 1535 1298 1575 condamnation
1328 1534 1421 1587 plus
1453 1535 1612 1574 severe.
1646 1532 1744 1574 Cela

163 1597 314 1638 merite
334 1610 409 1637 nos
428 1597 582 1638 tarmes
601 1603 643 1639 et
663 1611 739 1638 nos
757 1599 1088 1651 gemissements,
1111 1600 1186 1652 qui
1204 1600 1413 1640 serviront
1441 1599 1552 1640 aussi
1582 1601 1608 1638 a
1628 1599 1743 1638 laver

164 1675 238 1703 nos
258 1675 431 1715 propi-es
450 1663 616 1716 peones,
640 1664 692 1704 de
712 1676 817 1717 peur
837 1677 917 1717 que
939 1676 1045 1705 nous
1065 1677 1118 1705 ne
1140 1677 1293 1717 soyons
1311 1666 1499 1718 comptes
1517 1663 1656 1717 parmi
1675 1675 1743 1704 ces

165 1728 376 1780 indignes.

161 1861 1735 1883 ——v—-ss—

209 1942 260 1979 Ac
279 1942 403 1990 primo
422 1943 576 1991 quidem
596 1949 841 1991 repraesentat
862 1955 972 1982 voces
991 1950 1186 1992 gementes
1205 1946 1267 1981 SS.
1290 1945 1457 1989 Petrum,
1478 1956 1523 1982 ac
1554 1945 1739 1981 desideria

159 1995 331 2032 ardentia
357 1996 546 2042 justorum
573 1998 846 2045 suspirantium
868 1998 1078 2036 Adventum
1111 1998 1195 2035 filii
1229 1999 1308 2043 Dei,
1330 1998 1466 2045 Sponsi
1499 1998 1572 2042 sui,
1602 1997 1740 2044 quibus

159 2049 316 2096 antiqua
335 2049 528 2097 Scriptura
547 2056 603 2088 est
623 2051 769 2088 referta.
806 2052 893 2089 Haec
925 2052 1030 2092 enim
1061 2052 1262 2096 desideria,
1278 2053 1358 2098 jam
1390 2052 1437 2088 ab
1464 2051 1575 2088 Orbis
1593 2051 1738 2088 conditi

161 2102 382 2149 primordiis
401 2114 512 2140 suum
533 2114 727 2152 sumpsere
746 2106 1040 2149 exordium,nec
1054 2107 1395 2150 cessarunt‚donee
1416 2106 1495 2152 ipse
1515 2105 1737 2148 adveniens,

164 2155 222 2191 his
243 2156 450 2193 terminum
470 2158 665 2205 imposuit,
686 2163 722 2195 et
742 2160 1063 2206 exspectationem
1095 2159 1208 2196 Orbis
1238 2160 1425 2207 gementis
1445 2159 1552 2196 verlit
1583 2158 1624 2194 in
1643 2167 1738 2205 gau—

161 2208 267 2245 dium
288 2210 545 2248 exultationis.
568 2211 663 2250 Nam
684 2217 719 2249 et
739 2212 824 2250 ideo
844 2212 994 2250 dicebat
1027 2213 1226 2260 Propheta.
1248 2224 1327 2251 non
1360 2213 1484 2250 solum
1504 2223 1549 2248 ex
1570 2222 1652 2255 sua,
1671 2212 1737 2249 sed

158 2270 202 2298 ex
235 2263 411 2299 omnium
439 2264 629 2310 justorum
661 2276 854 2313 persona:
881 2282 894 2299 u
932 2267 1085 2314 Propter
1116 2267 1206 2304 Sion
1238 2278 1317 2304 non
1344 2266 1492 2310 tacebo,
1513 2270 1549 2302 et
1586 2269 1738 2312 propter

157 2315 366 2352 Jerusalem
398 2327 479 2354 non
510 2319 719 2366 quiescam,
739 2320 862 2357 donec
894 2320 1106 2366 egrediatur
1138 2324 1178 2357 ut
1210 2320 1390 2367 splendor
1423 2320 1548 2366 justus
1584 2318 1680 2364 ejus,
1700 2322 1736 2354 et

157 2367 324 2406 Salvator
343 2370 424 2416 ejus
444 2374 484 2408 ut
504 2371 649 2419 lampas
661 2373 904 2410 accendatur.
930 2388 944 2405 υ
967 2373 1010 2409 lli
1031 2384 1142 2421 porro
1155 2375 1318 2420 gemitus
1332 2376 1651 2420 repraesentantur
1669 2381 1736 2418 per

160 2421 244 2458 illas
263 2432 373 2460 voees
395 2434 404 2460 :
431 2436 446 2456 ι
467 2424 499 2460 O
529 2425 720 2473 Sapientia
739 2427 746 2462 l
771 2427 801 2463 O
821 2427 983 2464 Adonai!
1008 2427 1039 2462 O
1060 2427 1176 2464 Radix
1195 2428 1316 2465 lesse!
1347 2427 1377 2464 O
1398 2427 1520 2462 Clavis
1547 2424 1679 2462 David!
1703 2425 1734 2460 Ο

159 2474 312 2512 Oriens!
339 2476 368 2512 O
390 2477 467 2513 Rex
481 2478 680 2516 Gentium!
705 2479 735 2516 Ο
750 2480 994 2518 Emmanuel!
1023 2496 1036 2512 n
1056 2481 1121 2517 His
1130 2491 1219 2528 ergo
1233 2482 1310 2518 vult
1321 2481 1432 2528 Jungi
1446 2489 1556 2517 voces
1572 2483 1734 2523 nostras,

158 2532 242 2565 vota
261 2533 298 2565 et
318 2529 558 2576 lachrymosa
576 2533 753 2580 suspiria.

204 2582 378 2621 Secundo
397 2585 514 2631 gemit
532 2589 568 2622 et
588 2586 682 2633 ipsa,
696 2597 740 2624 eo
753 2587 853 2633 quod
873 2588 1056 2625 adventus
1069 2587 1138 2625 iste
1151 2594 1187 2624 et
1201 2588 1409 2634 redemptio
1423 2597 1489 2634 per
1502 2597 1590 2624 eum
1603 2586 1732 2632 allata,

156 2635 250 2694 adeo
270 2636 401 2673 multis
420 2637 600 2676 inefficax
631 2639 679 2676 sit
710 2645 746 2676 et
765 2640 926 2677 inutilis.
961 2642 1056 2685 Quia
1074 2642 1258 2678 nimirum
1278 2641 1448 2688 plerique
1473 2642 1677 2677 adventum
1697 2643 1734 2676 et
1768 2650 1774 2656 ·

158 2692 287 2734 vitam,
311 2689 456 2727 labores
487 2696 524 2727 et
553 2692 724 2737 sudores,
746 2694 973 2739 sanguinem
1004 2699 1040 2731 et
1072 2700 1248 2738 mortem,
1270 2694 1476 2741 meritaque
1495 2694 1625 2730 omnia
1649 2693 1732 2729 Filii

161 2741 224 2799 Dei
243 2742 407 2780 reddunt
426 2755 492 2791 per
512 2746 736 2794 flagitiosam
756 2757 863 2784 suam
883 2747 998 2784 vitam
1018 2752 1053 2784 et
1073 2748 1399 2785 conversationem
1418 2758 1498 2785 non
1513 2747 1637 2784 solum
1658 2746 1732 2783 sibi

159 2794 321 2842 inutilia,
342 2797 407 2834 sed
438 2798 554 2835 etiam
572 2799 632 2836 ,αεὶ
663 2800 845 2846 gravioris
864 2800 1122 2838 damnationis
1141 2801 1339 2838 cumulum
1364 2801 1639 2848 exprobranda.
1663 2799 1730 2836 Di-

157 2856 276 2893 gnum
294 2848 406 2894 plane
426 2855 482 2887 est
500 2850 540 2888 id
559 2851 738 2899 lacrymis
757 2857 793 2890 et
812 2853 1016 2900 gemitibus
1036 2854 1176 2890 nostris
1207 2864 1314 2891 sacro
1346 2855 1417 2891 isio
1438 2859 1621 2900 tempore,
1641 2852 1728 2899 qui-

157 2898 228 2936 bus
245 2903 282 2936 et
301 2906 446 2940 nostras
464 2904 636 2942 eluamus
655 2906 802 2953 culpas,
814 2916 863 2943 ne
882 2916 1013 2943 eorum
1035 2917 1195 2943 numero
1214 2908 1407 2944 numerari
1421 2907 1570 2954 indigni
1595 2916 1728 2943 aceen-

156 2963 320 2991 aeamur.
