1858 3184
149 254 325 302 tement,
343 249 375 291 it
393 249 511 292 vient
528 260 678 291 encore
708 246 760 288 de
790 258 859 288 me
889 245 1084 299 derober⁴
1098 245 1140 287 la
1170 245 1438 287 benediction
1459 246 1533 300 qui
1552 247 1719 290 m'etait

146 317 244 358 due.
264 315 378 370 (Gen.
400 326 534 364 xxvn,
555 312 638 367 36.)

197 381 329 431 Ainei,
350 382 473 434 apres
490 379 613 421 s'etre
632 377 782 431 appele
802 377 975 418 d’abord
996 377 1168 426 Abram,
1183 376 1399 417 Abraham
1417 378 1484 417 fut
1502 378 1650 431 appele
1664 378 1720 420 de

145 459 190 488 ee
210 446 376 487 dernier
395 457 494 485 nom
514 455 590 497 per
608 444 647 484 le
667 444 889 495 seigneur,
914 442 999 482 etin
1019 442 1070 482 de
1088 445 1232 495 porter
1250 453 1350 481 avec
1368 442 1430 481 lui
1449 443 1487 482 le
1514 443 1720 485 souvenir

144 512 196 553 de
215 511 258 552 lo,
276 522 486 564 promesse
505 508 645 550 divine
665 520 747 562 que
767 507 872 549 Dieu
892 507 953 547 lui
973 507 1088 547 avait
1107 507 1208 547 faite
1228 507 1279 547 de
1299 506 1338 546 le
1358 506 1509 547 rendre
1530 508 1635 547 Pere
1662 508 1717 549 de

143 577 418 618 nombreuses
436 574 618 615 nations.

197 641 314 683 Ainsi
332 651 480 680 encore
500 638 647 679 Simon
667 638 733 678 fut
750 637 900 691 appele
920 638 1060 678 Pierre
1080 649 1156 689 par
1173 636 1462 684 ,lesus-Christ,
1479 636 1566 676 afin
1582 637 1634 677 de
1655 638 1715 678 lui

142 707 335 760 reppeler
352 704 542 756 toujours
561 704 602 743 la
621 704 856 744 confession
877 703 927 742 de
948 703 1006 742 foi
1031 702 1134 755 qu'it
1166 701 1280 741 avait
1309 701 1410 741 faite
1440 713 1495 741 au
1527 714 1628 742 nom
1662 702 1716 743 de

141 774 234 812 tout
252 771 291 811 le
310 770 470 821 college
490 769 765 822 apostolique,
788 771 829 808 et
848 779 971 820 parce
990 767 1094 820 qu’il
1114 766 1254 807 devait
1275 767 1361 805 etre
1383 766 1423 806 le
1442 766 1581 818 pierre
1607 771 1650 808 et
1674 767 1714 808 le

140 835 387 878 fondement
405 834 456 874 de
478 837 570 874 tout
588 833 763 874 l'edifice
784 833 834 873 de
854 832 1040 884 l'Eglise.

194 900 310 941 Ainsi
342 900 470 948 enfin,
505 899 543 939 le
576 910 677 938 nom
708 899 762 938 de
796 898 915 938 Jesus
948 898 1012 936 fut
1043 896 1202 949 impose
1234 898 1259 935 εὶ
1288 896 1645 948 Notre·Seigneur
1675 898 1716 939 le

140 965 291 1014 Christ,
314 964 399 1004 afin
419 964 550 1004 d'etre
570 976 677 1016 pour
696 964 756 1003 lui
775 976 834 1003 un
854 962 1074 1002 memorial
1094 962 1145 1001 de
1165 961 1206 1001 la
1226 961 1490 1013 redemption
1510 967 1552 1002 et
1571 962 1628 1002 du
1648 974 1709 1002 sa-

138 1030 204 1072 lut
222 1029 324 1084 qu'il
343 1030 484 1070 devait
503 1031 651 1082 operer
670 1028 774 1068 dans
793 1027 832 1067 le
851 1027 1005 1067 monde
1026 1027 1175 1075 entier,
1198 1028 1239 1066 et
1260 1038 1367 1078 pour
1390 1038 1496 1066 nous
1528 1039 1584 1066 un
1620 1028 1712 1067 me-

137 1095 290 1137 morial
321 1094 478 1135 eternel
498 1094 550 1134 de
570 1106 643 1134 son
674 1105 822 1133 amour
851 1096 893 1132 et
925 1092 976 1132 de
1007 1097 1100 1131 tous
1132 1091 1190 1131 les
1222 1093 1427 1142 mysteres
1458 1091 1533 1143 qui
1564 1095 1711 1144 proce-

140 1161 283 1202 daient
301 1161 353 1200 de
372 1164 436 1200 cet
454 1171 617 1199 amour.
640 1160 810 1210 Voyons
830 1160 922 1197 tout
942 1157 1032 1196 cela
1051 1169 1103 1196 en
1125 1156 1269 1195 detail.

194 1229 236 1267 1⁰
254 1227 310 1266 Le
329 1237 429 1264 nom
449 1224 500 1264 de
519 1225 639 1265 Jesus
658 1230 719 1263 est
738 1236 796 1263 un
817 1221 1037 1263 memorial
1056 1221 1107 1261 de
1127 1220 1442 1270 t’Incarnation‚
1458 1220 1509 1260 de
1528 1219 1570 1260 la
1590 1221 1711 1261 Nati-

138 1291 239 1340 vite,
261 1290 312 1330 de
331 1290 373 1329 la
392 1290 685 1338 circoncision,
709 1289 760 1328 de
780 1289 820 1327 la
839 1286 1128 1327 Presentation
1149 1298 1203 1325 au
1224 1286 1378 1337 temple
1398 1290 1439 1325 et
1459 1286 1511 1325 de
1531 1290 1626 1325 tous
1651 1286 1715 1327 les

139 1360 280 1397 autres
300 1356 502 1407 mysteres
522 1354 572 1394 de
592 1354 799 1393 l'enfance
818 1353 875 1392 du
894 1352 960 1392 fils
979 1352 1030 1391 de
1051 1351 1172 1390 Dieu.
1193 1350 1226 1389 ll
1246 1362 1353 1390 nous
1381 1353 1516 1390 remet
1544 1362 1595 1390 en
1622 1352 1713 1391 me-

138 1421 271 1461 moire
292 1423 386 1460 tous
406 1432 472 1459 ces
493 1421 710 1471 mystereS,
744 1420 798 1457 ou
830 1430 912 1457 une
943 1416 1119 1456 lumiere
1151 1415 1312 1454 initiale
1345 1418 1386 1454 et
1420 1414 1479 1454 les
1511 1416 1716 1467 premiere

138 1497 296 1538 reyons
315 1485 371 1525 du
390 1486 499 1524 salut
518 1489 558 1524 et
579 1484 629 1524 de
649 1484 690 1523 la
712 1484 851 1535 grece,
873 1480 994 1521 sortis
1026 1481 1076 1520 de
1109 1492 1156 1519 ce
1188 1491 1301 1528 nom,
1325 1482 1663 1521 commencerent
1687 1482 1713 1520 ὲ

138 1550 300 1601 briller,
321 1552 346 1589 ἐι
364 1549 538 1590 ecleirer
558 1554 599 1589 et
618 1551 643 1588 o.
663 1548 820 1600 rejouir
852 1547 911 1587 les
943 1548 1058 1586 emes
1090 1545 1267 1597 pieuses.
1291 1546 1349 1584 De
1380 1544 1518 1597 quelle
1545 1544 1634 1597 joie
1665 1557 1714 1587 oe

138 1627 242 1655 nom
266 1627 318 1654 ne
348 1614 561 1666 remplit-il
580 1626 654 1666 pas
673 1614 710 1652 le
730 1625 845 1656 coeur
876 1612 927 1652 de
959 1611 1104 1660 Marie,
1127 1622 1181 1650 au
1196 1611 1296 1661 jour
1315 1609 1366 1649 de
1387 1610 1428 1649 la
1447 1610 1711 1663 Conception

140 1683 183 1721 et
201 1680 251 1720 de
271 1679 564 1720 t'Ineernation
585 1679 640 1718 du
661 1679 866 1728 Sauveur,
886 1677 1030 1730 ,quand
1050 1676 1129 1716 elle
1149 1675 1369 1715 l'entendit
1386 1687 1623 1727 prononcer
1635 1687 1712 1728 par

138 1744 291 1797 l'Ange
314 1756 323 1783 :
341 1758 360 1782 (1
381 1744 499 1786 Voici
519 1755 600 1796 que
619 1755 722 1782 vous
742 1754 965 1782 concevrez
986 1744 1027 1781 et
1047 1753 1148 1781 vous
1168 1740 1411 1780 enfanterez
1433 1752 1491 1778 un
1510 1739 1591 1788 fils,
1607 1751 1714 1780 vous

135 1809 400 1862 l’appellerez
418 1809 551 1848 Jesus.
575 1807 687 1860 (Luc.
709 1818 738 1856 1,
760 1807 846 1859 31.)
870 1822 888 1843 υ
909 1806 1063 1858 Joseph
1084 1805 1287 1857 participa
1303 1804 1416 1844 aussi
1435 1815 1519 1856 peu
1538 1805 1663 1856 apres
1685 1806 1711 1844 ὲ

139 1876 246 1914 cette
272 1873 374 1925 joie,
408 1872 547 1925 quand
566 1872 717 1924 l’Ange
737 1871 796 1910 lui
815 1872 908 1910 dit:
936 1872 1036 1910 «Ne
1068 1869 1263 1921 craignez
1293 1868 1414 1921 point
1446 1868 1498 1908 de
1529 1868 1713 1921 prendre

575 141 691 204 ,wisa
719 168 774 200 nu
800 167 922 200 suar
947 167 1035 199 11011
1061 167 1114 198 ne
1141 158 1274 199 sestis.

991 2023 1115 2060 Primo
1136 2023 1249 2068 igitur
1270 2032 1412 2059 nomen
1431 2022 1551 2066 Jesus,
1570 2033 1710 2060 memo·

945 2071 1035 2107 1-11110
1068 2075 1123 2106 est
1165 2070 1456 2113 Inearnationis,
1482 2070 1710 2116 Nativitatis,

943 2117 1499 2160 (1·11011111015101115,011101101ιί5
1532 2118 1571 2153 in
1611 2122 1710 2154 tem-

944 2167 1019 2211 plo,
1042 2171 1079 2201 et
1103 2166 1263 2202 aliorum
1286 2165 1551 2210 mysteriorum
1577 2165 1709 2201 infan—

945 2214 1005 2249 tiae
1029 2213 1111 2249 Filii
1133 2214 1212 2249 Dei.
1235 2213 1391 2249 Reducit
1411 2213 1515 2248 enim
1539 2211 1648 2248 nobis
1668 2212 1711 2250 in

141 2031 179 2064 ta
198 2037 282 2063 mea
302 2031 389 2063 ante
410 2026 508 2068 tulit,
531 2030 566 2062 et
598 2036 702 2063 nune
736 2026 902 2062 secundo

141 2075 321 2122 surripuit
361 2074 665 2110 benedictionem
704 2084 841 2109 meam.
886 2087 899 2104 »

141 2122 202 2159 Sic
252 2122 315 2168 qui
365 2122 469 2168 prius
514 2122 649 2157 Abram
689 2121 900 2164 vocabatur,

140 2169 329 2207 Abraham
349 2180 371 2204 a
392 2169 552 2205 Domino
584 2173 736 2205 vocatus
767 2173 834 2209 est,
865 2173 904 2203 ut

141 2217 380 2254 memoriam
393 2217 650 2253 circumferret
681 2216 904 2262 promissio-

142 2264 204 2301 nis
222 2264 373 2308 divinae,
396 2274 468 2310 qua
501 2264 534 2300 ei
567 2263 759 2319 pollicitus
786 2264 905 2298 fuerat

142 2311 254 2356 Deus,
286 2312 383 2358 quod
424 2312 530 2348 Pater
567 2315 662 2348 toret
701 2311 905 2346 umltarum

143 2360 326 2442 ἓεῐιῑίιιω.
366 2359 427 2395 Sic
465 2364 501 2395 et
539 2358 682 2398 Simon,
720 2359 848 2394 Petrus
885 2368 907 2392 a

174 2406 291 2442 bristo
311 2411 366 2443 est
397 2411 562 2451 vocatus,
586 2411 626 2442 ut
658 2416 806 2451 semper
831 2415 906 2441 me-

143 2462 228 2489 mor
257 2453 352 2491 foret
382 2454 632 2491 confessionis
669 2452 770 2498 fidei,
794 2463 906 2499 quam

143 2500 303 2536 nomine
342 2501 453 2538 totius
492 2501 647 2548 collegii
687 2500 903 2546 Apostolioi,

144 2546 298 2591 fecerat,
322 2557 404 2593 quae
429 2553 534 2594 petra
554 2553 589 2585 et
616 2548 905 2584 fundamentum

147 2604 230 2631 esse
247 2593 408 2631 debebat
438 2596 551 2633 totius
581 2596 760 2633 Ecclesiae
785 2595 906 2631 aedifi-

144 2641 289 2679 candae.
310 2641 371 2678 Sic
393 2642 556 2689 denique
575 2643 722 2680 Christo
745 2643 906 2679 Domino

143 2689 366 2735 impositum
393 2694 449 2726 est
466 2700 608 2728 nomen
626 2691 745 2735 lesus,
770 2695 809 2726 ut
835 2690 906 2726 sibi

145 2741 245 2773 esset
263 2737 483 2774 memoriale
501 2739 769 2786 redemptionis
789 2742 825 2774 et
844 2749 906 2773 sa-

144 2782 236 2820 lutis
254 2783 369 2820 totius
401 2784 502 2821 orbis
528 2786 774 2832 peragendae3
797 2785 907 2821 nobis

144 2833 273 2884 antem
305 2831 525 2868 memoriale
554 2837 737 2870 aetemum
767 2833 907 2869 amoris

144 2887 240 2924 eJuS,
257 2882 294 2914 et
312 2879 486 2916 omnium
505 2881 767 2925 mysteriorum
780 2891 826 2917 ex
840 2880 907 2917 illo

144 2934 279 2979 amo-re
326 2925 789 2967 rodeuntium.videamus
808 2929 846 2965 id
866 2927 907 2965 in

145 2976 295 3019 parucu
310 2973 379 3011 ari.

945 2261 1166 2297 memoriam
1195 2261 1323 2297 omnia
1355 2260 1424 2296 ista
1458 2259 1646 2305 mysteria,
1671 2259 1711 2297 in

945 2308 1079 2354 quibus
1100 2309 1165 2345 lux
1186 2308 1358 2355 quaedam
1390 2307 1560 2351 initiatis,
1584 2311 1620 2343 et
1648 2318 1710 2343 ra-

944 2356 1035 2392 dioli
1056 2356 1187 2392 salutis
1206 2361 1242 2392 et
1262 2355 1390 2401 gratiae
1408 2354 1455 2390 ab
1478 2355 1548 2391 1100
1582 2355 1711 2391 nomi-

946 2414 994 2440 ne
1015 2404 1284 2450 promiearunt,
1314 2407 1350 2439 et
1376 2403 1457 2449 pius
1489 2402 1637 2438 animas
1657 2401 1710 2438 it-

947 2452 1152 2488 lustrarunt
1189 2456 1224 2487 et
1257 2450 1533 2487 laetitiaverunt.
1565 2451 1712 2493 Quanta

946 2499 1075 2535 laetitia
1130 2498 1255 2535 affecit
1314 2498 1385 2534 hoc
1436 2506 1578 2533 nomen
1628 2499 1711 2533 Ma-

947 2547 1040 2582 riam
1080 2546 1120 2581 in
1164 2546 1226 2582 die
1264 2544 1530 2590 conceptionis
1568 2548 1605 2580 et
1642 2545 1711 2581 In-

946 2593 1176 2631 carnationis
1226 2592 1325 2638 ejus,
1377 2591 1469 2628 dum
1518 2591 1622 2628 audit
1662 2590 1711 2629 ab

946 2641 1087 2688 Angelo
1109 2652 1118 2677 :
1145 2656 1158 2672 «ι
1183 2640 1278 2676 Εο00
1298 2639 1502 2685 concipies,
1526 2643 1563 2676 et
1586 2639 1712 2686 paries

947 2688 1079 2733 titium,
1115 2692 1151 2724 et
1183 2687 1334 2723 vocabis
1367 2696 1508 2723 nomen
1540 2686 1621 2732 ejus
1652 2686 1710 2724 Je-

946 2739 1060 2772 sum?
1082 2751 1096 2769 »
1123 2735 1240 2780 Hujus
1284 2734 1412 2781 gaudii
1444 2734 1557 2770 etiam
1595 2733 1711 2780 paulo

946 2788 1029 2830 post
1049 2783 1235 2830 particeps
1267 2781 1388 2818 fuctus
1417 2786 1474 2818 est
1501 2782 1639 2827 loseph
1662 2780 1712 2819 ab

946 2831 1078 2867 eodem
1116 2829 1270 2876 Angeto,
1302 2829 1452 2866 dicente
1489 2829 1554 2866 ei:
1581 2842 1595 2862 α
1623 2827 1714 2867 Noli

947 2878 1078 2914 timere
1102 2877 1275 2923 accipere
1323 2877 1481 2914 Mariam
1508 2876 1712 2923 conjugem

946 2930 1062 2970 tuam,
1085 2924 1184 2970 quod
1216 2923 1321 2960 enim
1353 2924 1394 2960 in
1433 2934 1478 2961 ea
1501 2928 1636 2960 natum
1655 2926 1712 2961 est

946 2973 992 3011 de
1019 2972 1159 3020 Spiritu
1182 2975 1311 3010 sancto
1340 2975 1409 3010 est.
1432 2971 1554 3011 Pariet
1584 2975 1713 3011 autem
