1858 3184
483 126 534 157 LA
561 124 840 157 cmcouclsmn
869 123 922 155 DE
949 120 1322 155 nomn—smenon.
1607 112 1688 154 523

115 202 216 245 liers
233 202 286 245 de
303 202 525 254 chretiens,
545 203 741 257 lesquels,
763 204 884 244 etant
914 202 1140 243 assembles
1171 200 1210 240 le
1235 200 1334 252 jour
1365 199 1415 239 de
1450 199 1553 240 Noel
1578 213 1686 254 pour

117 269 304 310 celebrer
333 269 394 310 les
432 268 569 310 divina
607 269 825 319 mysteres‚
859 269 1002 307 furent
1032 267 1241 307 enfermes
1272 264 1377 304 daus
1411 264 1574 316 l’eglise
1608 278 1687 318 par

116 334 240 375 ordre
257 334 310 375 de
327 333 579 388 l'empereur
598 333 845 382 Diocletien,
857 333 929 386 qui
950 334 998 372 fit
1018 334 1217 385 preparer
1236 330 1292 369 du
1312 330 1383 369 feu
1403 333 1496 369 tout
1515 334 1685 381 auteur,

115 401 159 440 et
188 402 341 440 mettre
370 411 429 440 un
458 398 623 452 trepied
655 410 756 439 avec
785 397 836 438 de
866 398 1046 438 l’encens
1080 397 1236 437 devant
1268 394 1310 434 la
1340 398 1474 446 porte,
1497 406 1596 434 avec
1625 408 1688 437 un.

114 463 268 505 hex-aut
285 464 359 517 qui
377 463 496 504 orieit
513 465 539 503 ὰ
557 463 687 504 haute
705 463 820 514 voix‚
843 475 924 516 que
944 475 1052 503 ceux
1083 461 1156 514 qui
1184 460 1434 501 voudraient
1461 471 1504 500 se
1537 472 1687 501 sauver

116 527 173 569 du
192 528 263 570 feu
281 529 465 570 vinssent
483 528 635 569 dehors
667 530 709 568 et
744 527 956 568 offrissent
986 527 1037 568 de
1068 526 1251 566 l’encens
1285 527 1311 565 e
1342 524 1523 577 Jupiter.
1544 527 1686 577 ayant

114 595 211 634 tous
227 593 416 647 repondu
435 592 558 646 qu’ils
576 593 780 634 aimuient
810 593 955 634 mieux
986 592 1147 632 mourir
1176 603 1283 644 pour
1313 589 1606 639 usus-Christ,
1627 601 1686 630 on

115 657 273 699 alluma
289 658 329 700 le
357 658 444 708 feu,
460 658 564 699 (1885
583 658 723 711 lequel
756 658 807 698 ils
835 659 979 699 furent
1007 659 1248 705 consumes;
1272 656 1472 695 meritant
1503 655 1610 695 ainsi
1633 655 1687 696 de

113 724 255 764 naitre.
268 735 321 763 88
342 723 421 764 ciel
438 723 478 764 le
497 723 635 764 meme
664 724 764 775 J'our
795 735 878 776 que
909 722 1186 769 ,Iesus-Christ
1205 733 1230 760 8
1257 721 1355 761 bien
1386 720 1514 760 voulu
1546 720 1687 760 naitre

113 799 183 828 sur
202 787 245 829 18
262 790 372 829 terre
390 799 497 840 pour
515 789 556 828 le
575 789 686 829 salut
705 788 762 829 du
783 788 952 828 monde.

115 961 1688 984 ff

223 1098 311 1158 LA
349 1091 804 1159 CIRGONGISION
844 1099 931 1158 DE
971 1096 1565 1157 NOTRE-SEIGNEUR

945 1272 1130 1314 Postquam
1150 1271 1381 1304 consummata·
1398 1272 1479 1304 sunt
1498 1270 1571 1303 dies
1598 1272 1684 1310 octo,

946 1321 1182 1399 Leeiicuitieme
1200 1367 1284 1409 jour
1305 1367 1403 1399 etant
1421 1366 1538 1398 arrive
1553 1369 1621 1398 etc.

853 1413 1037 1456 (Evanqile
1055 1413 1148 1446 selon
1168 1414 1261 1447 saint
1280 1414 1363 1446 Luc.
1386 1412 1493 1456 Chap.
1515 1423 1549 1452 ιι,
1575 1414 1592 1448 11
1614 1412 1683 1454 21.)

163 1554 217 1592 1²¹·
235 1554 377 1595 Pom'r.
399 1575 452 1585 —
470 1555 525 1595 Ge
540 1555 640 1607 jour
658 1555 748 1595 doit
765 1567 870 1595 nous
889 1557 978 1595 etre
997 1555 1187 1596 solennel
1208 1558 1231 1596 8
1251 1556 1390 1595 divers
1409 1555 1527 1595 titres
1550 1569 1560 1595 :

159 1621 201 1660 1⁰
221 1620 349 1660 Parce
369 1619 471 1672 qu'il
489 1632 596 1660 nous
615 1621 801 1674 reppelle
832 1621 871 1662 le
898 1621 998 1674 jour
1031 1621 1195 1662 octaval
1227 1620 1278 1661 de
1311 1621 1351 1660 la
1371 1621 1454 1660 sete
1474 1620 1526 1660 de
1561 1621 1595 1660 N
1600 1620 1683 1670 oei,

105 1686 149 1725 et
166 1684 373 1737 complete
392 1697 446 1726 en
466 1686 647 1739 quelque
668 1690 779 1727 sorte
798 1687 840 1727 18
857 1686 945 1739 joie
966 1687 1040 1740 qui
1068 1699 1119 1726 en
1138 1689 1201 1726 est
1232 1686 1412 1726 resultee
1432 1698 1540 1738 pour
1559 1697 1683 1726 nous.

157 1751 201 1789 2⁰
221 1750 348 1790 Parce
368 1749 471 1802 qu'il
490 1754 553 1791 est
571 1750 610 1791 le
630 1752 814 1804 premier
830 1752 930 1804 jour
950 1752 1001 1792 de
1024 1752 1063 1792 la
1084 1750 1280 1791 nouvelle
1300 1752 1435 1790 annee
1455 1762 1539 1802 que
1572 1762 1682 1790 nous

106 1812 262 1854 devons
280 1825 543 1855 commencer
561 1827 657 1855 sous
678 1816 912 1857 d’heureux
931 1819 974 1856 et
992 1817 1122 1856 saints
1142 1816 1347 1868 auspices.

158 1879 201 1918 3⁰
220 1879 349 1919 Parce
368 1878 472 1932 qu'il
491 1892 516 1920 8
534 1881 600 1920 ete
632 1883 826 1921 consuere
859 1894 934 1934 par
967 1882 1007 1920 la
1039 1880 1310 1921 eireoncision
1345 1880 1396 1920 de
1427 1879 1673 1921 Notre·Sei-

106 1953 242 1995 gneur
259 1947 301 1983 et
318 1955 395 1996 par
412 1944 454 1984 18
472 1945 678 1997 premiere
698 1946 877 1986 effusion
899 1946 950 1985 de
971 1958 1047 1985 son
1062 1958 1188 1998 sang.

157 2009 200 2048 4⁰
220 2009 348 2048 Parce
366 2021 447 2062 que
466 2009 738 2063 l'imposition
758 2010 815 2051 du
848 2011 1063 2051 tres-divin
1097 2022 1197 2051 nom
1217 2010 1270 2051 de
1290 2011 1412 2052 Jesus
1432 2009 1538 2050 faite
1559 2022 1614 2050 en
1633 2022 1679 2050 ce

98 2071 199 2125 jour
215 2073 271 2113 l’a
289 2074 423 2114 rendu
442 2074 603 2116 illustre
621 2088 729 2128 pour
748 2076 786 2116 le
806 2076 884 2116 ciel
904 2080 944 2115 et
963 2076 1004 2116 18
1025 2080 1152 2116 terre.

103 2229 188 2257 rum
208 2220 374 2258 millium
395 2221 615 2268 Martyrum,
638 2224 703 2267 qui
725 2234 812 2261 cum
830 2224 869 2260 in

103 2266 241 2304 Christi
272 2268 396 2307 Natali
421 2269 468 2306 ad
502 2270 742 2308 Dominicum
774 2283 868 2308 eon-

102 2314 307 2369 yenissent.
359 2317 613 2355 Diocletianus
663 2320 869 2365 Imperator

101 2371 237 2415 januas
274 2363 464 2417 ‘Ecclesiae
506 2365 633 2403 claudi
675 2367 789 2413 jussit
832 2372 868 2403 et

103 2417 232 2455 ignem
249 2412 496 2449 circumcirca
514 2414 653 2459 parari,
669 2414 868 2461 tripodem-

105 2465 178 2501 que
197 2465 284 2494 cum
304 2457 414 2512 thure
433 2470 512 2506 prae
530 2460 675 2498 foribus
696 2462 802 2508 poni,
822 2473 866 2499 80

83 2538 86 2541 ,
103 2512 321 2586 gyaeconem
344 2506 565 2552 inclamare,
587 2514 627 2545 ut
647 2509 711 2555 qui
732 2510 867 2546 ineen-

130 2559 210 2586 1um
231 2550 370 2588 vellent
386 2552 563 2601 effugere,
584 2556 685 2593 foras
704 2557 866 2601 exirent,

910 2255 976 2294 DE
1017 2254 1428 2295 ClRCUMCISIONE
1472 2253 1676 2293 DOMINI.

1227 2355 1384 2389 Postquam
1397 2353 1596 2382 consummati
1607 2356 1680 2382 sunt

1273 2391 1338 2418 dies
1352 2392 1424 2423 octo,
1442 2392 1496 2417 etc.
1537 2389 1621 2424 (Luc.
1634 2388 1680 2425 11.)

956 2460 1168 2498 Hodiernus
1187 2461 1267 2497 dies
1287 2461 1399 2497 nobis
1419 2460 1580 2496 celebris
1594 2470 1677 2498 esse

906 2508 1016 2545 debet
1037 2508 1241 2554 multiplici
1275 2508 1396 2544 titulo.
1419 2508 1455 2543 1.
1489 2507 1584 2551 Quia
1613 2518 1675 2544 re-

907 2561 1089 2593 memorat
1137 2556 1278 2592 t’estivae
1319 2555 1533 2593 Nativitatis
1576 2555 1678 2592 diem

104 2600 142 2634 et
158 2597 238 2634 lovi
267 2597 352 2635 thus
370 2600 574 2639 adolerent.
597 2604 766 2650 Cumque
785 2615 863 2641 om-

104 2653 174 2681 nes
198 2654 280 2699 uua
309 2655 399 2682 voce
429 2651 724 2698 respondissent,
746 2662 786 2689 se
818 2652 866 2688 li-

87 2690 255 2746 -hentius
273 2703 341 2739 pro
361 2693 507 2747 (Jhristo
525 2698 638 2742 mori,
670 2699 758 2746 igne
778 2710 865 2737 con-

105 2742 262 2785 sumpti,
283 2749 326 2776 eo
346 2740 407 2777 die
437 2744 542 2781 nasci
573 2751 793 2784 meruerunt
825 2746 866 2784 in

105 2785 227 2839 081115,
246 2796 321 2833 quo
345 2787 514 2827 Christus
531 2802 599 2839 pro
619 2794 738 2831 salute
757 2805 867 2832 mun-

104 2832 142 2868 dl
162 2833 268 2871 88501
286 2834 462 2882 diguatus
480 2841 547 2876 est.
563 2854 578 2872 ι

906 2609 1095 2647 octavum,
1117 2608 1246 2650 estque
1266 2603 1392 2649 gaudii
1419 2612 1464 2638 ex
1485 2602 1551 2638 illa
1570 2613 1677 2640 exor-

907 2652 932 2687 ti
953 2652 1055 2687 velut
1075 2651 1412 2697 complementum.
1431 2653 1466 2686 2.
1490 2650 1584 2694 Quia
1604 2661 1678 2687 no-

907 2699 941 2735 vi
961 2699 1054 2734 anni
1076 2699 1242 2744 primum
1263 2697 1374 2733 nobis
1406 2697 1506 2733 diem
1534 2698 1676 2744 initiat,

905 2757 1019 2791 quein
1052 2746 1153 2782 felici
1176 2750 1211 2780 et
1240 2755 1345 2781 sacro
1376 2745 1546 2791 auspicio
1578 2745 1676 2782 inire

905 2793 1098 2829 debemus.
1120 2793 1154 2828 3.
1178 2792 1272 2836 Quia
1291 2792 1582 2829 circumcisione
1606 2794 1677 2830 Do·

906 2841 1002 2876 mini
1021 2844 1058 2877 et
1083 2840 1205 2886 prima
1237 2840 1434 2886 sanguinis
1465 2839 1546 2885 ejus
1577 2839 1678 2878 effu-

906 2888 1012 2924 sione
1043 2891 1285 2924 consecratus
1317 2892 1385 2924 est.
1415 2887 1452 2924 4.
1488 2888 1673 2942 Denique,

906 2935 994 2982 quia
1012 2934 1241 2971 divinissimi
1272 2934 1442 2972 nominis
1473 2935 1561 2972 Jesu
1594 2945 1671 2973 im-
