1858 3184
567 167 724 202 55601111
750 167 967 202 aimone
995 167 1047 198 1111
1075 155 1264 200 nvem.
1624 158 1704 216 3⁴3

137 247 396 292 dos-eniam
413 247 464 288 de
482 245 796 299 Binumlequelle
808 246 887 289 tire
900 258 975 287 son
994 249 1356 294 commencement
1374 249 1418 285 et
1435 258 1511 288 son
1531 247 1703 299 origine

137 313 249 355 dela
267 313 332 356 vie
351 313 486 355 meme
505 311 557 353 de
585 310 693 352 Dieu
721 314 765 352 et
794 323 902 351 nous
933 310 1107 351 conduit
1138 312 1164 349 a
1194 309 1238 350 le.
1269 309 1335 349 vie
1365 311 1582 353 eternetle.
1604 311 1704 356 Plus

136 378 414 421 malheureux
431 387 580 417 encore
597 375 650 418 de
667 388 714 416 ce
734 388 832 428 que,
852 379 1042 429 pouvant
1070 374 1114 415 la
1144 386 1367 421 recouvrer
1398 378 1521 428 apres
1554 377 1704 419 l’avoir

136 443 310 496 perduc,
330 443 382 483 ils
396 429 470 494 n’y
487 441 579 481 font
599 452 740 480 aucun
760 440 898 489 effort,
921 441 1027 480 mais
1058 439 1108 480 ils
1141 442 1281 492 gisent
1309 440 1460 486 fetides
1490 441 1591 481 dans
1611 442 1704 483 leur

134 508 347 557 tombam,
368 506 512 559 depuis
533 508 680 559 quatre
695 505 830 557 jonrs,
850 505 998 558 depuis
1034 508 1184 558 quatre
1215 505 1337 554 mole,
1359 504 1507 558 depuis
1537 518 1597 547 un
1629 518 1702 555 an,

135 572 280 626 depuis
300 575 449 624 quatre
469 583 561 613 ans.

187 638 266 686 Qui
291 637 326 678 si
359 648 463 677 vous
496 635 642 676 voulez
672 635 821 678 mieux
859 636 1126 678 reconnaitre
1159 635 1351 676 comhien
1390 640 1453 676 est
1490 637 1626 689 grand
1662 636 1703 679 le

132 702 305 747 nombre
322 702 375 743 de
393 713 459 742 ces
478 706 624 750 morta,
644 712 870 754 parcourez
893 705 987 741 tous
1005 701 1065 741 les
1084 702 1208 750 61615,
1224 705 1359 741 tontes
1380 702 1441 745 les
1460 701 1701 745 conditions

132 771 286 811 ettous
306 766 364 808 165
383 767 498 819 ages,
522 769 564 806 et
594 778 697 807 vous
728 778 871 806 veri-ez
904 765 1098 806 combien
1128 766 1188 807 les
1222 766 1414 807 hommes
1443 765 1703 808 s’enroulent

132 831 372 878 facitement
390 831 495 871 dans
514 831 554 872 le
573 831 704 884 peche
723 830 877 872 moi-tel
897 836 940 871 et
958 831 1128 872 ruinent
1147 843 1200 872 en
1221 831 1487 871 eux-memes
1506 831 1548 872 la
1569 832 1632 872 vie
1647 831 1700 873 de

132 896 173 941 16
193 898 332 948 grace.

181 962 290 1004 C'est
309 974 354 1002 06
376 975 457 1015 que
476 962 634 1005 semble
654 962 853 1015 indiquer
874 962 914 1002 la
928 962 1085 1014 variete
1100 962 1173 1003 des
1187 966 1319 1002 murts
1339 973 1422 1013 que
1435 961 1474 1002 le
1489 961 1701 1016 Seigneur

130 1028 352 1071 ressuscita
370 1028 475 1067 dans
493 1040 539 1068 sa
557 1027 700 1069 bonte.

179 1093 213 1134 ll
231 1106 259 1145 y
285 1093 401 1134 ades
432 1097 561 1134 morts
594 1082 730 1145 parmi
756 1093 817 1133 les
848 1092 1103 1133 adolescents
1129 1094 1233 1131 dans
1264 1092 1306 1131 la
1338 1092 1444 1133 116111·
1474 1092 1525 1133 de
1567 1091 1696 1146 Pago,

127 1171 198 1201 sur
229 1158 301 1212 qui
332 1150 502 1210 l'Eglise
535 1158 680 1211 pleure
711 1169 874 1199 comme
904 1169 988 1198 une
1021 1159 1151 1205 mere,
1172 1168 1225 1197 en
1259 1156 1428 1196 suivant
1459 1157 1552 1197 leur
1583 1157 1699 1199 deuii

126 1224 396 1265 aveclarmes
417 1237 427 1264 :
449 1223 620 1264 ceux-la
649 1227 746 1263 5001
776 1223 935 1274 figures
966 1219 1043 1275 par
1073 1221 1341 1263 l'adolescent
1371 1222 1591 1263 ressuscite
1621 1234 1700 1277 par

127 1289 171 1332 le
187 1290 394 1340 seigneur
413 1290 438 1328 ὰ
456 1289 498 1328 la
515 1295 635 1341 porte
666 1289 719 1330 de
751 1289 887 1334 Nalm,
911 1299 992 1340 que
1024 1299 1069 1327 sa
1099 1288 1213 1327 mere
1243 1298 1375 1328 veuve
1407 1286 1577 1340 eploree
1610 1288 1697 1329 sui-

127 1355 217 1395 111111
235 1366 336 1396 avec
355 1354 427 1395 des
444 1354 598 1395 larmes
618 1354 691 1406 qui
712 1353 961 1395 toucherent
979 1353 1017 1393 16
1038 1353 1247 1404 seigneur
1280 1352 1353 1404 qui
1377 1351 1415 1392 le
1450 1352 1590 1393 rendit
1609 1356 1634 1394 a
1652 1365 1700 1395 sa

127 1420 260 1460 mere.

179 1485 212 1525 11
231 1497 259 1536 y
277 1496 327 1524 60
348 1497 372 1524 a
391 1484 465 1536 qui
486 1488 680 1524 meurent
697 1482 837 1536 parmi
855 1482 915 1523 les
929 1481 1082 1534 jeunes
1100 1481 1208 1522 filles
1240 1481 1418 1530 nubiles,
1442 1486 1483 1521 et
1515 1481 1698 1523 celles-la

127 1553 220 1589 sont
237 1549 421 1600 figurees
439 1560 516 1600 par
534 1548 576 1588 la
591 1548 722 1600 Jeune
740 1547 827 1587 fille
848 1546 899 1587 de
919 1546 1051 1586 douze
1070 1558 1163 1593 605,
1184 1544 1271 1584 11116
1297 1544 1397 1585 d’un
1418 1546 1563 1598 prince
1582 1547 1635 1588 de
1654 1545 1697 1589 la

126 1613 403 1665 synagogae,
423 1613 666 1653 ressuscites
684 1612 788 1654 dans
807 1624 853 1652 sa
872 1610 1032 1652 maisou
1051 1610 1297 1663 paternelle,
1318 1623 1395 1663 par
1415 1614 1522 1651 cette
1551 1612 1696 1665 parole

123 1677 180 1721 du
210 1677 450 1731 Seigneur:
478 1677 513 1718 T
511 1677 650 1718 habita
679 1678 798 1727 cumi,
824 1675 1080 1718 &est-adire
1116 1687 1125 1715 :
1162 1691 1179 1711 α
1204 1676 1338 1718 16006
1375 1675 1475 1723 11116,
1493 1677 1539 1728 je
1578 1681 1618 1718 te
1654 1676 1696 1718 16

123 1743 386 1793 commando,
407 1743 596 1783 leve-toi.
618 1759 638 1778 »
675 1744 763 1791 Que
792 1742 843 1782 de
868 1741 1018 1795 jeunes
1052 1753 1169 1794 gens,
1193 1753 1274 1795 que
1312 1741 1363 1781 de
1398 1741 1548 1794 jeunes
1586 1741 1695 1782 111165

123 1795 211 1849 s'en
242 1810 344 1849 vont
373 1811 397 1847 a
428 1808 469 1848 la
500 1813 626 1859 mort,
650 1810 675 1848 a
693 1807 914 1848 l’occasion
947 1806 1072 1847 d'une
1104 1806 1270 1855 liberte,
1290 1804 1418 1847 d'une
1437 1806 1694 1860 compagnie

123 1873 392 1915 meurtrierel

924 2020 1035 2056 variis
1057 2019 1215 2055 mortuis
1235 2029 1330 2065 quos
1366 2019 1548 2055 Dominus
1567 2019 1614 2055 ad
1637 2019 1694 2055 vi—

924 2074 1000 2106 tam
1034 2077 1101 2104 sua
1140 2067 1371 2113 benignitate
1404 2066 1564 2103 reduxit.
1599 2067 1694 2111 Qui-

923 2117 1010 2152 dam
1031 2115 1135 2151 enim
1166 2114 1305 2152 mortui
1326 2114 1566 2160 reperiuntur
1596 2113 1695 2154 inter

923 2164 1182 2200 adolescentes
1202 2162 1241 2197 in
1269 2165 1358 2198 tlore
1385 2161 1504 2196 aetatis
1524 2166 1692 2206 agentes,

924 2222 1017 2257 quos
1046 2210 1191 2256 plangit
1225 2212 1343 2245 mater
1375 2208 1556 2253 Ecclesia,
1578 2208 1695 2247 funus

123 2021 258 2068 exiguo
280 2021 399 2064 lucro,
426 2032 493 2068 pro
519 2026 783 2058 momentanea
816 2032 883 2058 vo-

122 2068 279 2115 luptate,
301 2080 368 2116 pro
388 2074 528 2116 puncto
551 2069 706 2107 honoris
733 2074 769 2107 et
798 2070 884 2106 vin-

121 2116 231 2154 dictae
259 2117 482 2163 prodigitur.
506 2116 566 2154 Sic
598 2117 770 2154 infelices
796 2122 885 2154 sunt

122 2162 192 2201 filii
213 2163 422 2209 hominum,
446 2165 509 2211 qui
531 2165 643 2202 vitam
665 2165 763 2202 hanc
785 2165 883 2201 lilio-

122 2221 206 2249 10111
248 2212 326 2256 Dei,
355 2222 439 2259 quae
458 2223 481 2248 a
501 2214 574 2250 vita
601 2213 682 2258 ipsa
715 2213 780 2250 Dei
807 2213 884 2249 ini-

121 2259 218 2297 tium
235 2264 272 2295 et
303 2259 488 2306 originem
517 2260 634 2304 ducit,
655 2264 693 2296 et
721 2261 768 2297 ad
802 2261 885 2296 vitae

121 2307 368 2344 aeternitatem
406 2317 475 2344 nos
505 2308 690 2354 perducit,
725 2313 800 2344 tam
827 2308 884 2343 fa-

120 2353 194 2395 cite
211 2355 386 2401 perdunt.
413 2354 663 2400 infeliciores,
677 2356 776 2402 quod
797 2366 885 2392 cum

120 2399 228 2439 illam
263 2402 498 2450 deperditam
542 2408 696 2449 possent
733 2413 886 2450 recupe-

63 2468 69 2473 ·
121 2457 219 2494 me,
239 2450 284 2487 ed
305 2444 441 2487 idhon
464 2450 660 2494 nituntur;
684 2452 749 2487 sed
770 2451 810 2487 in
831 2461 886 2487 56-

123 2495 256 2542 putero
283 2496 410 2543 jacent
442 2497 620 2541 fetentes,
654 2509 733 2535 non
762 2498 884 2535 sotum

123 2542 379 2596 quatriduani,
400 2545 465 2582 sed
485 2546 793 2591 quadrimestres‚
809 2546 885 2582 imo

124 2599 244 2627 annul
261 2595 298 2629 et
316 2592 580 2638 quadriennes.

175 2637 279 2680 Quod
297 2638 329 2676 si
347 2638 497 2686 plenius
510 2641 564 2677 vis
584 2651 789 2687 agnoscere
809 2651 884 2677 ma-

152 2693 245 2721 num
287 2695 369 2723 esse
409 2697 611 2725 numerum
651 2693 885 2726 mortuorum

179 2740 279 2776 rum,
297 2742 472 2778 percurre
489 2745 623 2772 omnes
648 2740 780 2779 status,
800 2746 884 2773 om—

128 2787 270 2824 nesque
287 2780 536 2827 conditiones,
556 2788 592 2820 61
613 2788 740 2821 aetates
761 2783 886 2820 homi·

126 2834 236 2868 num,
257 2829 293 2862 et
310 2826 454 2867 videbis
470 2839 583 2875 quam
604 2830 713 2868 facile
732 2835 886 2878 peccato

924 2269 1055 2295 eorum
1086 2267 1173 2294 cum
1210 2255 1388 2302 lacrymis
1420 2266 1651 2302 prosequens
1681 2266 1690 2292 :

924 2311 958 2343 ct
980 2306 1018 2342 hi
1040 2308 1357 2352 repraesentantur
1381 2314 1448 2350 per
1467 2303 1693 2340 adolescen-

926 2360 999 2390 tem
1020 2354 1061 2390 in
1081 2357 1188 2399 porta
1214 2351 1326 2389 Naim
1346 2362 1367 2386 a
1391 2351 1549 2387 Domino
1570 2348 1693 2388 susci·-

925 2406 1065 2442 tatum.
1104 2410 1217 2447 quem
1257 2404 1373 2435 mater
1414 2399 1526 2434 vidua
1563 2397 1695 2434 1001115

925 2448 1218 2495 prosequebatur
1245 2446 1437 2491 lacrymis,
1460 2445 1596 2491 quibus
1617 2455 1694 2483 mo·

925 2502 984 2534 tus
1025 2495 1222 2539 Dominus,
1256 2504 1343 2530 cum
1384 2493 1545 2529 reddidit
1583 2492 1694 2530 matri

924 2554 1015 2582 suae.
1038 2543 1217 2587 Quaedam
1237 2542 1451 2587 moriuntur
1472 2541 1569 2577 inter
1589 2538 1693 2587 puel-

926 2592 980 2629 tas
993 2591 1202 2634 nubites‚et
1220 2590 1277 2625 hae
1294 2592 1611 2634 repraesentantur
1620 2597 1691 2642 per

925 2639 1091 2686 puellam
1119 2637 1319 2674 duodecim
1349 2646 1554 2679 annorum,
1573 2634 1695 2675 filiam

925 2686 1112 2733 Principis
1148 2686 1368 2730 Synagogae‚
1402 2682 1443 2719 in
1476 2683 1590 2720 domo
1622 2694 1694 2737 paa-

926 2740 1031 2771 tei-ua
1055 2733 1287 2776 suscitatam,
1310 2730 1540 2768 inclamante
1561 2731 1693 2767 Domi·

925 2793 976 2819 no
1005 2792 1048 2818 t«
1090 2779 1263 2819 Thabita,
1306 2778 1455 2822 cunii,»
1483 2778 1552 2815 hoc
1593 2783 1647 2814 est
1679 2787 1693 2814 :

930 2843 944 2861 u
967 2828 1109 2873 Puella,
1144 2826 1211 2862 tibi
1244 2825 1329 2862 dico
1366 2835 1488 2872 surge.
1507 2842 1522 2860 n
1547 2825 1577 2861 O
1603 2828 1694 2872 quot

127 2872 279 2910 mortali
297 2883 378 2911 5656
395 2874 602 2921 involvant,
618 2884 655 2915 et
673 2879 787 2916 vitam
807 2889 886 2924 gra—
922 2877 1094 2923 juvenes,
1115 2885 1136 2910 o
1163 2878 1252 2919 quot
1283 2873 1422 2919 puellae
1452 2873 1499 2909 ad
1531 2878 1695 2912 mortem

128 2919 192 2957 tiae
210 2920 252 2956 in
271 2930 311 2958 se
322 2921 530 2966 *perimant

927 2924 1081 2966 vadunt,
1110 2921 1310 2958 occasione
1349 2919 1546 2966 libertatis,
1578 2930 1693 2959 occa·

176 2966 284 3013 Quod
320 2967 447 3014 ipsum
480 2969 641 3013 maican
670 2972 816 3013 videtur
847 2972 890 3011 in
926 2972 1034 3011 sione
1076 2967 1242 3007 lethiferi
1285 2968 1490 3005 consortii!
1530 2967 1695 3012 Quidam
