1858 3184
513 174 567 207 u
579 162 875 213 ‘mummium
903 181 956 212 nii
983 150 1354 219 norun-smenon.
1636 173 1722 227 δὴ

201 252 318 295 Veiei
335 265 395 295 un
413 256 537 296 autre
550 255 745 308 exemplo
764 257 843 298 tire
863 258 936 300 des
955 273 1119 303 oeuvres
1138 262 1189 304 de
1219 265 1330 307 saint
1355 267 1496 310 Pieri-e
1516 271 1709 315 Damion.

147 317 211 358 Un
235 329 461 371 voyegeur,
483 318 604 360 botin
622 319 737 361 dela
769 325 954 376 tempete
986 325 1026 367 le
1060 328 1245 380 premier
1271 330 1371 382 jour
1401 332 1452 372 de
1483 335 1581 387 l'en,
1601 337 1717 385 avait

145 381 224 423 faxit.
241 395 337 423 voeu
356 383 539 426 d'entrer
557 396 609 425 en
632 385 828 438 Religion
848 401 955 440 pour
969 391 1106 433 aviser
1122 396 1148 433 ii
1167 406 1334 435 assui-er
1353 409 1427 437 son
1449 399 1573 442 salut.
1590 403 1712 454 Mais,

145 458 229 492 une
249 447 330 488 fois
349 448 429 489 tire
448 448 501 490 de
522 449 745 503 naufrage,
768 452 798 492 il
819 454 1016 507 negligea
1035 457 1086 498 de
1105 459 1214 500 tenir
1241 472 1315 500 son
1337 474 1447 509 voeu,
1471 466 1495 503 ὸ
1514 477 1637 508 cause
1656 468 1713 510 du

145 513 251 563 gout.
269 524 351 566 que
371 513 428 554 lui
449 512 642 565 inspireit
663 516 704 556 la
723 517 789 556 vie
809 520 1053 561 mondaine.
1075 523 1256 565 L'annee
1281 526 1390 576 finit,
1409 532 1453 568 et
1472 530 1510 569 le
1530 532 1714 583 premier

139 574 239 628 jour
259 577 310 618 de
325 576 413 620 ,ι’-ιιι
433 576 610 630 ᾶάρτρε,
633 580 664 620 il
683 581 850 623 dansait
868 596 970 625 avec
1001 586 1183 628 d’autres
1196 590 1346 642 jeuncs
1369 604 1487 644 gens,
1509 595 1713 638 chantant

141 639 216 683 des
236 641 444 684 chamons
462 642 639 695 legeres,
663 648 805 698 quand
827 661 910 689 une
929 650 1066 702 pierre
1098 654 1242 695 tomba
1272 656 1526 700 subitement
1558 661 1614 701 du
1633 662 1712 704 toit

139 722 213 751 mr
232 711 291 752 lui
309 715 351 752 et
370 712 555 754 l'ecrasa.
579 715 709 766 Ainsi,
732 718 904 771 n'ayant
918 733 990 773 pas
1011 724 1136 764 voulu
1151 725 1310 777 quitter
1328 739 1374 767 ee
1392 730 1544 771 monde
1562 731 1612 772 de
1631 745 1707 773 son

138 774 249 828 plein
282 778 372 829 gre,
394 778 423 818 il
455 778 494 819 le
527 780 663 833 quitta
696 782 747 822 de
780 784 907 835 force,
950 789 993 826 et
1023 787 1053 827 ii
1084 789 1220 841 perdit
1253 791 1292 831 lu
1327 796 1565 847 trompeuse
1599 798 1706 839 dou·

137 851 236 880 eeur
254 841 305 881 de
324 842 364 882 le
383 842 515 895 cheir,
537 857 659 898 parce
681 860 777 900 que,
800 862 851 889 en
883 851 1045 892 aimaut
1064 853 1104 893 la
1123 854 1253 905 cheir,
1278 856 1303 896 il
1326 860 1476 899 mentit
1509 862 1532 900 ὲ
1565 861 1605 902 la
1636 864 1708 904 ve-

135 904 229 945 rite.

756 1141 910 1194 ΜΕΜΕ
944 1145 1083 1197 FETE

908 1281 994 1314 Ecce
1014 1282 1099 1315 odor
1116 1284 1184 1326 filii
1204 1287 1271 1319 mei
1288 1287 1375 1322 sicut
1399 1290 1485 1322 odor
1502 1293 1582 1334 aqn’
1597 1293 1706 1336 pleni,

969 1330 1023 1362 cui
1043 1330 1215 1366 benedixit
1234 1334 1411 1368 Dominus.

907 1376 1059 1410 L'odeur
1071 1378 1115 1411 de
1130 1389 1215 1413 mon
1229 1382 1284 1414 flls
1303 1386 1356 1416 est
1367 1386 1561 1418 semblable
1580 1389 1601 1420 a
1620 1389 1706 1423 celle

865 1423 949 1456 d'un
970 1425 1099 1468 ehamp
1119 1427 1215 1468 plein
1233 1439 1301 1470 que
1322 1431 1355 1463 le
1375 1432 1550 1474 Seigneur
1569 1444 1590 1467 a
1608 1445 1713 1477 εοιιι-ν

866 1470 922 1502 blo
942 1471 985 1503 dc
1006 1482 1062 1505 ses
1080 1473 1338 1510 benedictione.

1168 1523 1325 1564 (Genese.
1347 1526 1451 1570 chop.
1472 1538 1571 1568 xxvii,
1595 1528 1613 1563 7
1634 1531 1703 1574 27.)

184 1621 296 1660 Dans
313 1620 373 1661 les
387 1622 547 1674 jiirdins
566 1624 618 1664 de
638 1625 678 1665 le
700 1628 826 1676 terre,
848 1641 903 1669 on
924 1643 976 1670 ne
997 1635 1144 1675 trouve
1165 1648 1239 1688 pas
1259 1637 1310 1678 de
1344 1639 1468 1680 fleurs
1490 1653 1540 1682 en
1561 1643 1693 1694 biver,

128 1685 248 1733 mais,
265 1685 368 1726 dans
388 1686 426 1727 le
443 1688 585 1739 jardin
607 1690 661 1730 du
684 1692 913 1744 Nazareen,
930 1695 980 1737 de
1003 1697 1179 1751 l’Epoux
1194 1702 1331 1751 fleur-i,
1346 1716 1399 1743 on
1416 1718 1466 1745 en
1484 1710 1632 1748 trouve
1647 1721 1702 1750 en

129 1751 222 1790 tout
234 1753 370 1804 temps
388 1764 510 1805 parce
525 1767 605 1807 que
622 1756 659 1795 le
674 1757 881 1809 Seigneur
895 1760 948 1800 l'a
962 1761 1073 1803 beni.
1091 1766 1123 1804 Il
1138 1770 1199 1805 est
1215 1767 1428 1809 lui-meme
1448 1770 1489 1811 la
1508 1773 1614 1812 sseur
1628 1774 1702 1827 qui

129 1825 271 1866 aparu
292 1817 574 1869 aujourd’hui,
599 1832 651 1860 au
674 1834 790 1862 coeur
810 1824 860 1864 de
875 1824 1037 1876 l’biver‚
1055 1842 1105 1868 eii
1130 1830 1241 1882 plein
1266 1834 1387 1872 froid.
1408 1835 1439 1875 11
1460 1849 1700 1880 eommence

128 1880 302 1919 aussitot
320 1881 370 1921 de
389 1883 565 1924 s’ouvrir
586 1897 748 1925 comme
782 1878 864 1929 une
887 1903 978 1932 rose
1015 1894 1170 1935 fermee
1198 1897 1413 1951 jusque-lii.
1433 1905 1474 1940 et
1494 1903 1545 1942 ile
1575 1915 1697 1944 mon-

128 1945 271 1984 trersa
284 1957 465 1999 pourpre
486 1961 559 1999 pur
581 1950 618 1989 la
637 1952 842 2002 premiere
863 1955 1040 1997 effusion
1059 1959 1109 1999 de
1130 1973 1203 2000 son
1219 1975 1337 2014 sang.
1354 1965 1386 2004 11
1402 1969 1462 2005 est
1478 1967 1699 2010 lui-meme

126 2020 211 2048 une
225 2009 330 2049 fleur
349 2011 524 2052 blanche
540 2018 582 2053 et
595 2027 743 2067 rouge,
761 2018 832 2070 qui
850 2019 1012 2062 s'ouvre
1033 2023 1127 2076 deje
1142 2038 1222 2066 aux
1238 2040 1392 2080 rayons
1409 2031 1579 2071 ardents
1596 2033 1647 2073 de
1659 2034 1700 2074 la

131 2108 1702 2144 Ἣῄ

174 2169 270 2207 Audi
290 2174 326 2206 et
345 2171 448 2209 aliud
465 2175 680 2221 exemplum
697 2187 742 2212 ex
763 2184 893 2215 sancto

126 2215 235 2254 Petro
269 2218 463 2272 Qumiano.
486 2222 646 2275 Quitiam
679 2225 801 2270 primo
833 2227 893 2263 die
1083 2245 1115 2284 Ε
1128 2246 1160 2286 Ο
1172 2247 1204 2285 D
1218 2247 1248 2286 E
1260 2248 1298 2287 M
1342 2249 1372 2288 F
1385 2249 1416 2288 Ε
1429 2249 1455 2290 S
1469 2251 1501 2290 Τ
1513 2251 1545 2291 Ο

125 2262 296 2315 Ianuarii
319 2270 537 2313 tempestate
553 2276 728 2318 JactaiuS,
746 2279 893 2310 voverat

127 2310 352 2358 religionem
390 2315 558 2362 ingredi,
590 2323 629 2355 ut
666 2320 777 2356 saluii
817 2331 894 2358 sure

127 2362 252 2397 oenus
283 2362 515 2409 consuleret;
549 2366 614 2402 sed
646 2377 665 2402 e
697 2368 893 2414 naufragio
1189 2359 1382 2430 αρξξῇξξξξζ
1393 2362 1701 2428 ῗῇῗζζῇζῇζὲῗξοῖἕ

127 2410 257 2445 emtus
292 2412 420 2447 votum
464 2411 607 2449 solvere
654 2414 765 2461 hujus
809 2417 893 2453 viiae
1190 2430 1300 2459 minus.
1462 2433 1663 2469 (Gamxxvn.)

127 2462 257 2492 amore
293 2460 531 2505 contempsit.
571 2461 728 2507 Expleto
774 2475 889 2510 anno,
1364 2515 1370 2520 .
1590 2517 1597 2524 ‚

125 2498 211 2584 ipso
239 2502 360 2554 primo
379 2504 439 2542 die
475 2507 660 2551 Januarii‚
693 2510 783 2547 dum
804 2521 892 2548 cuin
979 2511 1022 2547 In
1063 2511 1179 2549 hortis
1209 2514 1446 2568 terrestribus
1477 2527 1555 2553 non
1589 2528 1696 2555 inve—

127 2546 214 2583 aiis
240 2549 441 2594 juvenibus
471 2554 711 2601 discurreret,
733 2563 768 2594 et
797 2559 891 2596 cho-
931 2558 1088 2596 niuniur
1110 2563 1218 2597 flores
1252 2561 1411 2616 hiberno
1441 2568 1608 2610 tempore
1630 2576 1639 2602 :
1659 2570 1698 2622 at

126 2603 191 2633 ros
204 2593 358 2634 duceret
375 2597 416 2636 in
434 2602 655 2640 scurrilibus
672 2606 891 2652 cantilenis,
931 2605 970 2641 in
1005 2607 1118 2644 Horto
1150 2608 1346 2662 Nezamm,
1371 2610 1445 2664 hoc
1471 2616 1527 2647 est
1555 2623 1699 2666 ‚sponsi

127 2640 253 2681 subito
275 2643 369 2690 lapis
388 2645 435 2682 de
460 2651 556 2686 tecto
589 2661 631 2688 su
661 2662 701 2688 er
720 2663 805 2690 eum
827 2664 891 2691 ee·
931 2654 1069 2698 floridi,
1101 2665 1206 2708 omni
1232 2661 1404 2710 ‘tem-pore
1435 2664 1696 2712 inveniuntur,

127 2687 235 2734 cidit,
256 2695 292 2727 et
319 2691 481 2731 obtrivit.
501 2696 561 2734 Sic
590 2697 630 2735 in
648 2699 722 2736 elix
745 2701 808 2738 ille
828 2703 892 2748 qui
930 2701 1017 2747 quia
1066 2701 1257 2739 benedixit
1289 2714 1323 2757 ei
1371 2705 1565 2759 Dominus.
1585 2708 1696 2763 slago

127 2737 315 2776 mundum
335 2739 504 2779 deserere
534 2745 655 2783 noluit
681 2747 890 2792 ultroneus,
930 2749 1010 2795 ipse
1041 2755 1096 2786 est
1129 2752 1210 2795 ilos,
1240 2761 1303 2797 qui
1344 2751 1526 2808 hodierna
1557 2755 1617 2810 die
1655 2766 1698 2794 m

127 2783 256 2821 amisit
293 2785 448 2833 invitm,
481 2793 518 2826 et
554 2791 726 2832 fallacem
766 2798 891 2834 carnis
931 2796 1054 2832 media
1093 2797 1216 2834 hieme
1257 2799 1296 2835 in
1339 2810 1524 2838 acerrimo
1559 2802 1698 2850 frigore

127 2829 370 2871 dulcedinem
402 2836 578 2882 perdidit,
610 2842 697 2888 quia
728 2845 891 2882 amando
931 2847 1081 2880 exortus
1101 2849 1176 2887 θεῖς
1198 2850 1233 2881 et
1258 2856 1347 2883 mox
1378 2847 1496 2884 instar
1517 2860 1612 2887 rosae
1631 2862 1698 2889 an·

127 2887 282 2916 carnem
319 2883 502 2921 mentitus
532 2889 592 2924 esi.
622 2889 781 2929 veritati.
807 2893 892 2930 Haec
931 2896 988 2927 tea
1009 2891 1146 2929 clausae
1172 2892 1306 2940 incipit
1338 2896 1490 2941 aperiri,
1510 2902 1546 2933 et
1579 2898 1697 2936 rubo-

127 2923 170 2961 P.
195 2926 412 2966 Dnmianus.
931 2948 1010 2975 rem
1029 2939 1195 2985 pandere
1208 2951 1275 2987 per
1289 2943 1484 2988 sanguinis
1499 2945 1558 2981 sui
1575 2955 1699 3001 asper-

475 2997 547 3011 —
931 2986 1077 3023 sionem
1096 2987 1272 3034 primam.
1309 2989 1393 3027 Flos
1413 2991 1596 3031 nimirum
1615 3004 1698 3042 ipse
