1858 3184
1652 142 1731 185 43⁹

158 250 277 279 vous.
298 238 412 279 Tous
429 247 493 277 ses
511 233 641 276 (165115
669 232 844 274 tendent
862 234 889 272 ὁ,
907 231 1086 284 pouvoir
1116 229 1216 270 uuir
1248 241 1349 270 mon
1379 230 1525 283 visage
1556 233 1583 271 11
1611 232 1732 272 voti-e

158 303 322 356 visage‚
342 314 431 343 mes
448 311 560 354 yeux
579 300 605 339 ὰ
622 309 696 338 vos
713 308 842 350 yeux,
865 308 955 336 mes
974 297 1107 336 levres
1126 297 1152 335 6
1170 306 1244 335 vos
1275 294 1423 343 lewes,
1456 307 1545 335 mes
1574 295 1674 354 11165
1705 297 1732 337 ὲ

157 381 231 409 vos
248 368 369 417 bras;
392 369 418 407 6
434 363 612 419 pouvoir
632 375 735 403 vous
753 362 908 402 adorei·
926 363 1095 414 present
1111 363 1154 401 et
1170 359 1317 400 visible
1337 372 1409 399 sur
1429 371 1527 399 mon
1546 372 1683 409 coeur;
1705 362 1731 400 ὲ

156 445 262 474 vous
280 435 468 473 montrer
485 432 511 470 (1
528 431 622 469 tout
640 427 845 468 l’univers
863 427 936 480 qui
955 439 1060 466 vous
1079 425 1223 466 attend
1251 424 1397 477 depuis
1416 425 1451 464 si
1472 424 1730 478 longtemps.

154 499 267 540 Avee
299 496 437 551 quelle
467 493 622 534 ιιι-(1661·
651 495 759 533 66116
792 495 904 532 terre
933 491 1144 544 virginale
1175 489 1445 531 desirait-elle
1469 490 1667 542 produire
1686 502 1732 531 sa

155 563 263 604 fleur
293 565 333 602 et
365 572 439 600 son
471 559 574 599 fruit
605 558 657 598 de
689 558 830 598 bonne
862 557 995 598 odem·
1025 569 1133 609 pour
1163 555 1223 596 les
1258 558 1399 607 Auges
1445 560 1488 595 et
1524 567 1632 608 pour
1671 554 1731 595 165

154 625 363 668 hommes!
386 627 496 666 Aveo
515 623 655 676 quelle
675 623 845 672 ardeur,
867 624 893 662 ὲ,
912 621 1150 674 1’6661ο(·116
1171 621 1227 660 (16
1253 624 1443 660 moment
1473 620 1724 670 d'enfanter,

154 691 284 734 Mario
303 702 356 731 ne
375 688 649 730 desirait-elle
669 700 743 740 pes
762 687 968 740 repandre
989 698 1152 727 comme
1184 698 1268 726 une
1301 686 1488 725 fontaine
1521 684 1670 725 5661166
1688 685 1731 726 la

151 768 296 801 source
315 755 435 796 d’eau
457 754 550 794 vive
570 754 806 795 renfermee
826 766 880 793 en
900 752 1003 792 ellel
1027 754 1139 799 Avee
1158 751 1339 804 quelque
1360 751 1515 790 ardeur
1535 762 1589 790 ne
1616 749 1728 790 desi-

150 820 333 865 tait-elle
352 831 425 873 pas
444 820 641 860 enfunter
659 831 734 859 566
756 818 876 859 561611
896 831 950 858 au
971 817 1123 858 monde
1141 819 1315 857 convert
1335 817 1387 856 de
1408 815 1615 864 tenebras,
1644 815 1729 856 ufin

150 898 248 940 que,
269 885 415 938 depuis
436 885 473 924 le
494 886 607 924 lever
627 884 683 924 du
703 884 823 923 soleil
849 884 1020 936 jusqu'zi
1041 895 1116 922 son
1146 882 1368 931 couehant,
1402 881 1443 922 16
1473 880 1723 934 generation

149 950 202 992 (16
219 950 262 990 la
279 950 483 991 veritoble
503 950 680 990 lumiere
700 949 844 989 brilmt
862 961 962 989 avec
982 948 1114 988 eolat!

200 1015 305 1058 Mais
322 1015 443 1056 Jesus
462 1015 585 1063 aussi,
609 1015 799 1054 enferme
830 1014 977 1066 depuis
1009 1016 1103 1053 tant
1131 1013 1183 1052 de
1216 1012 1322 1052 mois
1341 1012 1445 1052 dans
1465 1012 1503 1051 le
1523 1012 1612 1052 sein
1632 1023 1723 1052 ma-

146 1080 299 1131 ternel,
320 1081 491 1120 desirait
509 1093 554 1120 66
570 1080 670 1132 jour
688 1080 740 1120 de
760 1092 806 1120 sa
825 1079 1042 1119 1161556666
1062 1082 1106 1118 et
1125 1078 1176 1118 de
1197 1090 1242 1118 sa
1262 1077 1595 1126 manifestati0n‚
1627 1077 1727 1130 jour

147 1146 308 1199 quoles
328 1148 469 1198 Auges
489 1149 531 1186 et
551 1146 609 1185 les
630 1146 820 1185 hommes
848 1144 1111 1184 attendaient
1143 1143 1291 1195 depuis
1322 1143 1357 1182 si
1390 1142 1659 1195 longlemps!
1694 1141 1728 1182 11

146 1210 315 1251 (16511611
334 1210 458 1251 sortir
489 1210 559 1250 des
591 1210 697 1250 liens
727 1210 777 1249 de
809 1222 854 1250 sa
873 1210 1031 1261 prison,
1048 1212 1090 1249 et
1104 1208 1349 1248 manifester
1370 1209 1395 1247 6
1421 1211 1516 1247 tous
1536 1219 1581 1246 sa
1600 1210 1722 1247 vertu

147 1274 324 1325 latente,
345 1278 537 1316 66561166
557 1278 599 1315 61
618 1275 845 1315 annihilee.
867 1275 899 1314 ll
920 1274 1148 1314 souhaitait
1167 1273 1270 1313 tirer
1301 1273 1357 1312 du
1389 1272 1544 1312 silence
1563 1284 1608 1311 56
1626 1271 1727 1312 voix

148 1340 290 1381 divine
311 1344 353 1381 et
372 1353 415 1381 se
441 1345 630 1380 montrer
662 1352 824 1380 comme
856 1340 895 1380 le
928 1339 1063 1380 Verbe
1096 1342 1258 1390 envoye
1289 1351 1366 1390 par
1403 1338 1443 1377 le
1475 1339 1594 1377 Pere.
1617 1337 1726 1378 C'est

146 1406 358 1459 pourquoi
378 1406 514 1446 l’abbe
537 1406 708 1446 Guerrie
722 1405 871 1459 (Serm.
894 1416 957 1453 111,
978 1417 1048 1444 sur
1068 1403 1282 1456 l'Amour.)
1300 1403 1461 1443 admire
1482 1402 1665 1442 tres-fort
1683 1406 1726 1442 et

146 1482 251 1511 nous
269 1471 470 1522 enseigne
491 1473 516 1510 6
536 1471 719 1511 admirer
752 1476 846 1510 tous
876 1482 976 1510 aveo
1007 1470 1067 1509 lui
1100 1469 1140 1508 la
1172 1469 1368 1521 supreme
1390 1467 1660 1508 humiliation
1681 1471 1725 1508 et

145 1534 362 1576 l'extreme
393 1536 519 1575 houte
539 1536 590 1575 de
610 1536 715 1575 Dieu
736 1535 808 1588 qui
829 1535 1013 1575 eeloetent
1033 1547 1083 1574 66
1104 1546 1148 1574 66
1170 1533 1273 1586 qu’il
1292 1546 1318 1572 a
1337 1532 1466 1572 voulu
1500 1545 1544 1572 se
1575 1532 1725 1573 6661161·

142 1601 330 1653 pendunt
350 1613 407 1640 un
428 1602 462 1640 si
485 1597 619 1652 grand
640 1601 816 1640 nombre
835 1601 886 1640 de
907 1600 1013 1639 mois
1033 1599 1139 1639 (1665
1160 1600 1196 1638 16
1216 1599 1304 1638 5616
1325 1597 1548 1646 maternel,
1570 1598 1631 1638 lui
1649 1597 1723 1651 qui

142 1665 317 1717 pouvait
334 1665 469 1705 briser
487 1666 581 1718 plus
600 1667 663 1705 tot
682 1678 746 1706 ses
765 1666 871 1706 liens
904 1668 946 1705 et
977 1677 1019 1704 se
1052 1664 1311 1704 manifester.
1345 1665 1525 1704 Ecoutez
1546 1675 1619 1703 son
1638 1663 1723 1703 elo·

143 1734 298 1782 <ruente
318 1730 585 1770 obser-vallon
607 1733 631 1770 6
650 1743 696 1771 66
716 1730 854 1783 sujet:

200 1810 220 1831 (ι
239 1796 300 1835 La
318 1795 587 1836 misericorde
607 1796 749 1835 divine
770 1809 794 1835 e
814 1796 907 1835 subi
925 1807 1034 1848 pour
1054 1807 1159 1835 nous
1180 1797 1319 1834 toutes
1338 1794 1397 1834 les
1425 1794 1648 1834 infirmites
1680 1795 1723 1834 et

143 1861 283 1899 tontes
302 1859 363 1900 les
393 1860 563 1900 miseres
594 1861 832 1901 humaines.
866 1861 971 1901 Mais
997 1861 1180 1912 j’estime
1223 1871 1305 1912 que
1347 1859 1389 1898 la
1429 1859 1638 1911 premiere
1668 1858 1721 1899 de

884 152 1005 184 nom„

140 2023 211 2051 nes
230 2018 263 2050 61
284 2013 441 2051 affectus
453 2015 499 2051 de
514 2019 548 2051 te
562 2020 664 2057 sunt,
680 2014 719 2051 in
736 2018 770 2051 te
790 2018 877 2051 5661
896 2031 905 2058 3

140 2062 270 2098 omnia
291 2062 392 2098 illius
412 2063 598 2098 desideria
620 2063 710 2099 illue
732 2063 905 2102 16611661,

127 2113 181 2146 ’ut
199 2109 335 2146 faciem
357 2110 479 2154 faciei,
501 2111 631 2146 666165
650 2110 785 2154 666115,
809 2110 906 2146 labia

140 2155 264 2200 labiis,
292 2157 446 2194 brachia
480 2158 643 2194 brachiis
675 2158 907 2204 conjungere

138 2203 297 2248 valeam,
319 2210 354 2241 et
375 2206 414 2242 in
435 2206 521 2242 sinu
543 2216 627 2242 meo
649 2207 772 2252 661616
793 2217 906 2251 6666-

139 2256 285 2288 rentem
306 2253 462 2289 adorare
490 2258 525 2290 et
548 2253 742 2300 amplecti,
765 2254 906 2299 totique

138 2299 219 2336 orbi
239 2303 276 2336 te
295 2301 438 2336 tamdiu
453 2306 692 2347 expectatum
712 2301 903 2337 exhibere.

139 2345 170 2383 Ο
207 2352 347 2393 quanto
389 2349 522 2384 ardore
542 2348 779 2385 desiderabat
809 2353 905 2384 terra

139 2393 306 2440 virginea
342 2398 472 2432 1161616
513 2401 548 2432 61
588 2397 751 2432 fructum
794 2406 905 2432 suum

139 2442 305 2487 prolerre
337 2443 489 2490 Angelis
508 2448 544 2480 61
571 2444 789 2480 hominibus
809 2444 903 2480 odo-

140 2487 319 2542 riterum}
344 2490 374 2528 Ο
393 2495 533 2537 quanto
552 2491 685 2528 ardore
704 2491 904 2538 appropin-

141 2539 279 2580 quante
306 2546 386 2581 Jam
410 2543 537 2584 partus
568 2544 735 2585 tempore
754 2539 903 2575 (1651(16-

142 2581 246 2618 rabat
264 2582 599 2635 Marimiamquam
621 2587 718 2623 Fons
737 2587 906 2632 signatus

141 2639 279 2666 venam
314 2641 421 2677 aquae
450 2634 542 2670 vivoe
580 2635 619 2670 in
659 2645 697 2670 56
736 2634 903 2670 clausam

141 2675 355 2715 effundere!
381 2679 411 2715 Ο
442 2685 580 2726 quanto
610 2682 743 2718 ardore
774 2681 905 2718 avebat

142 2733 272 2770 parere
292 2725 410 2762 solem
440 2737 550 2764 suum
576 2730 719 2765 mundo
740 2729 905 2766 tenebris

141 2781 328 2823 possesso,
361 2777 401 2809 61
428 2784 450 2809 6
480 2775 570 2811 56115
594 2780 677 2812 6116
711 2787 828 2823 usque
858 2778 903 2813 acl

141 2828 317 2855 66665616
337 2822 527 2866 generatio
557 2825 633 2860 veri
667 2824 826 2860 luminis
846 2835 906 2861 66-

144 2866 335 2902 1165661611

189 2912 261 2949 Sed
289 2918 325 2950 et
361 2913 441 2961 ipse
471 2915 577 2952 lesus
607 2922 713 2955 utero
740 2919 821 2965 jam
853 2922 906 2954 tot

946 2013 1151 2050 nativitatis
1189 2018 1225 2049 61
1262 2012 1582 2049 manifestationis
1625 2023 1719 2055 suae.

946 2072 1058 2108 quein
1081 2061 1211 2107 Angeli
1231 2065 1267 2098 et
1289 2061 1463 2097 homines
1493 2060 1636 2096 tamdiu
1657 2070 1719 2096 ex-

947 2108 1159 2155 pectebant.

994 2156 1154 2202 0616661
1175 2166 1195 2191 6
1215 2155 1379 2191 66166115
1399 2153 1563 2190 vinculis
1576 2154 1719 2200 egredi,

946 2209 981 2239 61
1003 2208 1179 2239 Virtutem
1199 2213 1308 2238 566111
1328 2203 1435 2248 quasi
1457 2206 1668 2245 vacantem,
1682 2206 1720 2238 et

947 2251 1048 2287 intus
1068 2256 1299 2287 66616161661
1325 2250 1417 2286 soris
1439 2250 1519 2296 jam
1539 2249 1720 2286 omnibus

947 2299 1187 2335 minifestum
1225 2299 1359 2334 fucere.
1397 2297 1558 2344 06161161
1589 2307 1721 2334 vocem

945 2358 1052 2383 56661
1079 2347 1159 2392 jum
1179 2356 1199 2382 e
1227 2346 1380 2382 silentio
1420 2345 1600 2387 exultare,
1621 2349 1658 2380 et
1678 2354 1718 2381 56

947 2394 1108 2430 Verbum
1141 2394 1339 2430 ostendere
1360 2404 1381 2428 a
1402 2393 1508 2429 Patre
1542 2393 1717 2429 missum.

945 2445 1179 2489 Quapropter
1194 2442 1398 2477 Guerricus
1414 2440 1552 2483 Abba&
1568 2450 1681 2476 serm.
1696 2440 1720 2476 3

944 2490 990 2526 de
1012 2489 1325 2531 Α666611611666,
1341 2498 1571 2533 magnopere
1600 2487 1719 2524 admi-

946 2542 1047 2574 16161·
1068 2541 1116 2582 (61
1138 2547 1272 2573 omnes
1293 2547 1361 2572 665
1385 2546 1514 2571 secum
1536 2535 1717 2572 admirari

943 2586 1067 2630 (16661)
1087 2595 1277 2621 summum
1313 2583 1376 2619 Dei
1410 2582 1719 2620 humiliationem

944 2638 976 2669 61
998 2634 1260 2678 d1gnatioue1n
1287 2633 1326 2667 in
1357 2641 1400 2666 eo
1432 2630 1531 2676 quod
1565 2640 1631 2676 per
1665 2634 1721 2668 tot

946 2691 1095 2716 1666565
1115 2680 1155 2716 16
1177 2684 1282 2715 61616
1300 2678 1457 2713 ν6166111
1478 2677 1716 2723 delitescere,

944 2728 1008 2775 qui
1031 2738 1118 2764 mox
1145 2730 1289 2773 6616161
1324 2725 1488 2760 61665116
1523 2725 1603 2762 haec
1635 2725 1718 2762 dis-

944 2776 1109 2818 solvere,
1154 2779 1190 2810 et
1234 2784 1273 2809 56
1322 2772 1577 2809 manifestare.
1623 2773 1720 2810 Audi

945 2833 1031 2859 eum
1059 2823 1128 2858 1166
1160 2822 1206 2857 (16
1239 2831 1278 2856 re
1310 2820 1502 2866 eleganter
1533 2820 1716 2857 differen-

951 2875 1044 2907 tem:

999 2930 1013 2948 «
1030 2915 1213 2952 Omnium
1235 2914 1489 2950 humanarum
1511 2914 1718 2952 infirmita-

141 2959 337 2998 mensibus
346 2961 781 3010 clausus‚optabatdiem
794 2966 907 3003 illum
945 2969 1027 3001 tum
1053 2963 1112 3000 vel
1139 2962 1368 3008 injuriarum
1394 2972 1486 3009 quas
1506 2973 1575 3008 pro
1608 2962 1721 3000 nobis
