1858 3184
23 0 319 68 r

28 84 51 100 .

1622 165 1705 206 (573

130 260 246 300 trent
263 257 367 298 dans
384 256 445 298 les
464 255 680 310 provinces
699 255 774 308 qui
792 255 886 296 leur
903 258 980 295 ont
1004 255 1072 296 ete
1097 253 1323 306 assignees.
1342 258 1397 298 et.
1428 256 1548 305 apres
1579 255 1706 295 avoir

132 322 322 364 converti
359 321 568 374 plusieurs
597 321 784 374 peuples,
818 320 869 360 ils
896 320 1077 361 fixerent
1101 319 1200 360 =leur
1219 320 1334 371 siege
1355 322 1380 359 a
1398 321 1564 367 'rt-eves,
1588 318 1704 361 oute

131 387 316 442 premier
334 387 496 427 d'entre
517 398 599 427 eux
618 386 840 434 muchan-e,
862 386 955 439 puis
987 385 1151 435 Valere,
1173 385 1266 438 puis
1285 385 1488 431 Materne,
1519 395 1701 437 gouver-

131 455 282 494 nerent
301 452 653 492 successivement
671 450 833 503 l'eglise
853 450 904 490 de
923 451 1076 490 Treves
1097 451 1121 490 ὲ
1142 449 1321 502 laquelle
1345 450 1490 489 furent
1520 450 1707 500 adjoined

130 529 208 572 par
226 518 412 558 Materne
433 518 491 557 les
510 516 683 568 peuples
701 515 753 555 de
773 516 961 567 Cologne
983 519 1025 555 et
1044 516 1095 556 de
1120 516 1326 567 Tongres.
1363 516 1554 554 Parvcnu
1575 517 1599 554 a
1619 517 1706 556 une

132 576 322 624 extreme
341 582 558 630 vieillesse,
585 582 687 620 trois
701 581 821 633 jours
839 584 965 620 avant
985 593 1031 620 sa
1044 584 1170 629 mort,
1192 580 1221 620 il
1242 580 1399 620 veilluit
1420 580 1524 619 dans
1544 580 1706 632 l'eglise

133 648 276 701 quand
313 659 377 688 ses
414 646 702 687 bienheureux
739 657 1029 699 compagnons
1064 646 1270 686 Euchaire
1314 649 1355 685 et
1401 645 1565 692 Valere,
1612 648 1706 686 tout

131 713 326 754 brillants
346 713 396 752 de
418 712 606 758 lumiere,
630 711 691 751 lui
712 715 969 765 apparurent
987 715 1029 752 et
1061 711 1120 751 lui
1149 714 1433 751 annone-erent
1465 710 1707 763 l’approrhe

133 778 189 818 du
210 780 400 818 moment
421 779 475 817 οὺ
496 777 524 816 il
546 777 663 817 allait
683 789 726 817 se
744 780 961 830 presenter
992 778 1145 817 devant
1164 777 1285 817 Dieu.
1307 778 1361 817 Le
1393 776 1649 823 lendemain,
1675 776 1706 816 il

133 842 337 884 assembla
358 854 421 882 ses
443 842 648 895 disciples,
671 842 763 883 leur
782 854 975 894 annonca
995 842 1035 882 la
1057 842 1267 891 nouvelle,
1290 843 1381 882 leur
1406 843 1547 881 donna
1567 842 1707 882 divers

133 908 475 950 avertissements
494 920 602 960 pour
622 908 713 948 leur
732 907 841 947 salut
861 910 902 947 et
921 908 1014 960 pria
1033 920 1132 947 avec
1153 920 1249 947 eux.
1274 908 1386 954 Pois,
1409 907 1491 946 l'on
1514 907 1710 948 entendit

132 982 215 1014 une
236 973 333 1013 voix
353 973 457 1012 dans
478 973 514 1012 le
535 973 625 1020 ciel,
650 978 688 1013 et
710 977 838 1025 ayant
871 985 966 1024 recu
1000 974 1037 1012 le
1070 973 1253 1024 vialique
1283 973 1338 1011 du
1372 985 1491 1024 corps
1524 973 1576 1011 ,lu
1611 972 1703 1013 Sei-

135 1049 285 1091 gneur‚
316 1038 343 1077 il
364 1038 523 1090 expira,
547 1038 709 1078 celebre
729 1050 805 1090 par
836 1050 900 1078 ses
938 1038 1144 1086 miracles,
1181 1041 1202 1076 a
1235 1038 1435 1090 Cologne,
1467 1038 1503 1077 le
1524 1037 1707 1078 dix-huit

133 1103 206 1143 des
233 1103 426 1143 calendes
458 1102 685 1143 d'octobre.
717 1104 771 1143 Ce
804 1103 907 1156 qu’il
939 1117 965 1155 y
997 1107 1068 1142 eut
1099 1103 1388 1146 d'admirable.
1422 1103 1520 1142 c'est
1553 1115 1633 1155 que
1667 1104 1707 1143 le

134 1179 256 1208 cours
277 1168 332 1207 du
354 1168 463 1208 Rhin
486 1174 678 1208 remonta
711 1168 1110 1208 miraculeusement
1130 1172 1171 1208 et
1193 1169 1229 1208 le
1262 1181 1383 1220 corps
1418 1170 1466 1208 de
1486 1169 1596 1207 saint
1618 1169 1707 1208 Ma-

133 1235 253 1273 terne
274 1233 340 1273 fut
360 1233 621 1273 divinement
642 1237 879 1286 transporte
900 1234 950 1274 de
972 1235 1156 1285 Cologne
1178 1236 1202 1274 ὲ
1221 1236 1388 1281 Treves‚
1410 1236 1466 1273 οὺ
1497 1234 1525 1273 il
1560 1245 1708 1286 reposo

131 1299 229 1351 pres
249 1298 300 1338 de
320 1310 423 1337 ceux
446 1298 497 1338 de
518 1311 581 1337 ses
602 1299 733 1338 saints
753 1311 1041 1352 compagnons
1068 1299 1274 1338 Euchaire
1307 1305 1346 1338 et
1380 1300 1542 1338 Valere.
1564 1298 1707 1351 (Brev-

134 1362 181 1404 de
201 1363 334 1417 Libye.
357 1365 407 1404 19
426 1365 540 1417 sept.)

187 1428 292 1468 Dieu
313 1432 375 1468 est
394 1429 627 1468 admirable
647 1429 751 1468 dans
780 1442 843 1468 ses
874 1430 1018 1477 saints,
1055 1430 1198 1483 quand
1230 1430 1259 1468 il
1292 1430 1454 1482 dispose
1486 1429 1710 1481 providen—

132 1492 373 1534 tiellement
393 1497 434 1533 et
455 1495 745 1543 secretement,
768 1506 819 1534 en
842 1494 994 1534 dehors
1014 1495 1084 1534 des
1104 1495 1180 1534 lois
1212 1495 1459 1542 ordinati-es,
1483 1495 1573 1534 leur
1595 1495 1708 1534 nais·

138 1570 275 1607 sance,
299 1559 390 1598 leur
409 1559 475 1599 vie
496 1562 537 1599 et
558 1560 648 1598 leur
667 1562 791 1598 mort.
817 1560 933 1599 Aiusi
964 1560 993 1599 il
1014 1560 1126 1599 avait
1145 1560 1275 1599 chuisi
1307 1573 1372 1600 ces
1401 1560 1503 1599 trois
1536 1561 1709 1600 beraut-1

133 1623 184 1664 de
204 1623 244 1663 la
264 1623 501 1663 tres-sainte
523 1624 699 1674 Trinite,
723 1628 764 1664 et
783 1625 809 1663 il
831 1637 882 1663 ne
902 1625 1049 1664 voulut
1068 1625 1128 1664 les
1148 1628 1316 1677 separer
1348 1626 1391 1665 ni
1412 1626 1516 1665 dans
1535 1626 1577 1665 la
1607 1627 1705 1677 pre-

135 1688 331 1737 dication‚
354 1689 398 1727 ni
417 1689 521 1728 daus
541 1689 798 1742 l'episcopat,
822 1690 864 1728 ni
893 1690 996 1730 dans
1018 1690 1055 1730 le
1069 1690 1272 1743 sepulcre.
1295 1692 1376 1730 Par
1408 1692 1463 1738 la,
1485 1703 1590 1730 ceux
1612 1691 1699 1743 qui,

134 1753 290 1793 durant
310 1754 350 1793 la
371 1754 452 1803 vie,
474 1754 643 1794 avaient
663 1754 772 1794 aime
798 1758 840 1794 et
874 1756 1039 1806 glorifie
1065 1755 1277 1795 ensemble
1311 1768 1388 1808 par
1421 1757 1512 1795 leur
1544 1755 1629 1795 zele
1661 1758 1706 1796 et

131 1817 224 1858 leur
243 1819 374 1869 esprit
391 1819 688 1868 Jesus-Ghrist3
711 1821 833 1872 apres
854 1820 946 1859 leur
965 1824 1091 1870 mort,
1114 1822 1320 1860 restet-ent
1340 1822 1436 1860 uuis
1456 1821 1506 1860 de
1527 1833 1642 1861 coeur
1660 1823 1704 1861 et

134 1881 186 1923 de
205 1876 436 1934 sepulture.
461 1883 616 1923 Reunis
647 1896 701 1924 au
734 1884 811 1923 ciel
837 1885 938 1924 dans
964 1885 1003 1924 la
1032 1884 1271 1937 jouissance
1300 1886 1351 1925 de
1384 1886 1425 1925 la
1455 1886 1632 1935 Trinite‚
1655 1886 1709 1927 ils

131 1949 406 2000 partagerent
441 1947 500 1988 les
531 1949 690 1988 memes
719 1948 936 1989 honneurs
980 1962 1052 1989 sur
1084 1955 1208 1990 terre.
1242 1950 1615 2000 Semblablement‚
1647 1960 1705 1992 au

673 168 777 207 ms
806 176 858 206 ne
886 165 1158 206 vestramne.

140 2084 200 2116 tur
229 2079 457 2126 provincias,
477 2090 521 2116 ac
553 2080 684 2116 multis
713 2081 905 2117 conversis

137 2127 302 2174 populis,
325 2127 419 2163 Sede
446 2128 544 2174 apud
576 2128 779 2174 Augustam
811 2129 902 2164 Tre-

135 2175 302 2211 virorum
325 2174 411 2220 lixa,
435 2176 580 2221 primus
599 2186 729 2212 eorum
752 2176 902 2212 Eucha—

135 2221 228 2266 rius‚
263 2226 345 2269 post
389 2233 474 2258 eum
526 2222 725 2264 Valerius,
766 2224 904 2260 deinde

135 2269 340 2313 Maternus,
355 2270 534 2306 Ecclesiae
548 2270 783 2307 Trevirensis
800 2271 904 2317 Epis-

138 2322 313 2364 copatum
333 2318 512 2363 suscepit,
534 2318 595 2354 cui
628 2317 800 2365 adjunxit
831 2320 903 2354 Co-

140 2363 332 2401 lonienses
368 2370 403 2402 et
441 2366 680 2411 Tungrenses
727 2366 900 2412 populos.

138 2411 231 2448 Cum
262 2422 348 2448 vero
379 2413 424 2449 ad
463 2422 652 2450 summam
690 2414 900 2460 pertigisset

136 2462 382 2505 senectutem,
405 2460 462 2496 illi
485 2462 609 2497 triduo
641 2464 728 2497 an'te
757 2461 900 2498 obitum

137 2506 180 2542 iu
208 2505 376 2543 Ecclesia
409 2509 646 2553 pernoctanti
686 2508 781 2544 beati
810 2508 902 2545 socii

138 2552 354 2589 Eucherius
367 2558 402 2591 et
422 2554 590 2592 Valerius
610 2557 743 2593 decora
779 2557 903 2602 specie

136 2605 377 2647 apparentes,
398 2601 602 2639 instantem
625 2604 696 2639 sihi
717 2604 762 2639 ad
787 2605 903 2640 Deum·

139 2647 403 2693 migrationem
438 2652 758 2695 praenuntiarunt.
797 2652 902 2695 Quod

139 2696 360 2732 convocatis
378 2695 439 2732 die
457 2696 572 2734 altera
592 2700 670 2735 suis
691 2700 851 2745 aperuit,
868 2704 902 2735 et

137 2746 221 2788 post
251 2742 396 2779 monita
416 2743 560 2790 salutis,
584 2756 671 2783 cum
694 2747 785 2793 ipsis
817 2757 903 2783 ora-

140 2789 285 2826 tionem
304 2791 460 2836 peregit.
478 2791 606 2829 Postea
637 2804 727 2831 voce
756 2795 904 2831 coelitus

139 2835 280 2877 audita.
315 2847 479 2883 moxque
510 2846 682 2887 suscepto
718 2842 905 2878 Dominici

139 2883 307 2938 corporis
338 2885 486 2930 viatico,
521 2886 715 2926 miraculis
747 2889 905 2926 illustris

139 2936 320 2978 expiravit
348 2932 394 2969 48
425 2933 609 2984 Kalendas
639 2936 811 2974 Octobris
840 2937 906 2974 Co·

141 2977 258 3016 tonia&
309 2978 539 3026 Agrippinae.
588 2981 665 3019 Scd'
715 2984 902 3029 mirabile,

322 3073 338 3103 1

943 2081 1041 2127 quod
1064 2081 1183 2118 Rheni
1199 2084 1301 2118 fluxu
1317 2082 1542 2118 miraculose
1556 2082 1708 2120 sursum

943 2139 1136 2172 converso,
1173 2140 1259 2166 mox
1300 2130 1495 2166 Coloniam
1535 2130 1710 2167 Treviros

945 2176 1147 2212 translatus
1178 2183 1231 2212 cst
1265 2178 1465 2222 (livinitus,
1501 2178 1564 2214 ubi
1599 2178 1710 2224 juxta

942 2229 1160 2261 sanctorum
1210 2226 1400 2261 sociorum
1450 2226 1627 2262 Eucharii
1671 2231 1709 2262 et.

943 2272 1082 2308 Valerii
1102 2282 1261 2318 corpora
1281 2274 1452 2319 quiescit.
1478 2275 1530 2309 lta
1557 2274 1709 2309 Brevia—-

942 2319 1054 2355 riutn.
1079 2320 1294 2362 Leodiense,
1318 2321 1364 2357 ⁴9
1383 2321 1572 2367 Septemb.

990 2367 1172 2404 Mirabilis
1209 2368 1322 2415 plane
1356 2369 1452 2405 Deus
1484 2370 1524 2405 iu
1562 2369 1712 2405 Sanctis

942 2415 1034 2458 suis,
1054 2415 1101 2451 de
1120 2426 1251 2452 eorum
1272 2423 1369 2457 ortu,
1392 2417 1478 2457 vita,
1492 2421 1624 2460 morte,
1645 2426 1710 2451 se-

941 2466 1042 2498 creta
1061 2463 1297 2508 providentia
1318 2474 1428 2510 supra
1462 2466 1579 2507 legem
1602 2464 1711 2500 ordi-

941 2510 1087 2546 nariam
1121 2521 1220 2557 saepe
1251 2512 1470 2557 disponens.
1496 2513 1611 2558 Igitur
1641 2512 1712 2548 hos

943 2561 1016 2594 tres
1037 2559 1286 2595 sanctissimas
1306 2559 1499 2596 Trinitatis
1514 2569 1711 2605 praecones

942 2605 1118 2651 elegerat,
1157 2616 1250 2652 quos
1293 2607 1389 2642 sicut
1442 2607 1711 2652 praedicatione

941 2653 1064 2689 noluit
1095 2654 1269 2700 separati,
1292 2659 1353 2690 aut
1383 2655 1472 2691 sede
1501 2655 1711 2701 Episcopa-

943 2700 967 2736 li
987 2717 995 2741 ;
1018 2700 1072 2737 sic
1092 2711 1163 2738 nec
1185 2707 1310 2747 postea
1332 2703 1419 2738 sede
1441 2703 1647 2748 sepulchri,
1668 2706 1710 2738 ut

942 2748 1006 2794 qui
1026 2748 1066 2784 iu
1088 2749 1162 2784 vita
1182 2749 1372 2785 Christum
1401 2750 1552 2786 indivisi
1578 2750 1711 2791 auimo

942 2799 991 2849 et·
1005 2795 1084 2832 zelo
1117 2796 1328 2833 dilexerant
1365 2802 1401 2833 et
1438 2797 1711 2845 glorificat-ant,

943 2847 1056 2878 etiam
1076 2848 1159 2888 post
1179 2849 1341 2881 mortem
1367 2855 1439 2881 nee
1465 2845 1607 2881 animis
1638 2851 1712 2884 nee

945 2890 1037 2926 locis
1058 2895 1291 2936 separentur.
1313 2892 1508 2928 Trinitatis
1530 2893 1712 2931 fruitione

944 2937 1163 2975 consimiles
1182 2939 1222 2975 in
1242 2939 1364 2984 coelis,
1383 2940 1554 2986 ejusdem
1585 2941 1715 2978 hono·-

944 2985 996 3021 ris
1012 2988 1205 3023 consortes
1216 2986 1259 3024 in
1269 2987 1392 3025 tern‘s'.
1401 2988 1525 3025 Simili
1539 2988 1715 3027 mue

1468 3074 1520 3115 43
