1858 3184
527 172 707 212 mmm
733 175 948 209 amnena
977 175 1032 205 na
1058 163 1250 206 L'Avaur.
1591 167 1672 208 259

98 264 155 306 de
173 274 280 304 nous
300 271 487 314 manque
502 261 528 300 ὰ
545 256 712 311 l’appel.
732 269 754 295 n
778 255 814 297 11
832 255 927 296 faut
944 265 1117 295 secouer
1134 253 1176 294 la
1194 256 1370 306 torpeur
1382 256 1461 294 et«
1472 265 1515 294 se
1529 254 1669 308 hMer,

102 329 164 371 dit
182 328 296 369 saint
313 327 510 376 Thomas,
527 323 630 363 dans
647 334 693 362 ce
713 320 1110 375 pelerinage,parce
1128 330 1210 371 que
1231 318 1268 358 le
1283 317 1457 358 chemin
1478 322 1542 358 est
1554 320 1672 372 long,

103 394 146 435 la
165 394 232 435 vie
251 394 409 442 courte,
431 389 473 431 la
490 387 683 430 vocation
716 387 768 427 de
800 386 905 427 Dieu
937 386 1169 438 pressante,
1187 386 1230 424 et
1262 382 1366 436 qu'il
1396 396 1423 435 y
1456 395 1481 423 a
1511 385 1618 436 peril
1650 387 1676 425 a

101 460 319 501 demeure.
334 473 354 495 v>
427 508 431 514 ,
1184 461 1189 465 “

156 527 245 574 Que
281 523 340 564 les
369 519 658 562 exhortations
689 521 731 558 et
762 517 821 557 les
850 516 1010 569 priores
1041 515 1156 555 aient
1186 514 1404 567 beaucoup
1436 515 1489 555 de
1522 514 1673 555 valeur

105 602 213 643 pour
232 598 400 630 secouer
419 586 459 626 la
478 588 650 637 torpeur
669 588 711 623 et
730 581 1156 634 l'engourdissement
1175 579 1383 632 spiritual,
1405 579 1506 620 c'est
1525 585 1570 621 ce
1592 592 1676 633 que

106 667 213 695 nous
230 663 420 707 pouvons
438 654 629 690 montrer
644 660 725 701 par
744 646 969 699 l'exemple
989 646 1040 686 de
1061 646 1172 685 saint
1191 645 1397 685 Bernard.

161 721 228 762 Un
247 716 405 759 certain
438 714 665 756 Godefroid
696 714 748 754 de
781 714 975 753 Peronne
1001 711 1138 751 s'etait
1168 712 1427 751 recemment
1456 711 1622 751 attache
1655 713 1680 751 a

108 785 221 826 saint
254 781 441 823 Bernard
474 780 547 832 qui
578 779 722 819 l'avait
756 777 941 818 converti
961 780 1003 817 et
1022 777 1216 817 consacre
1237 788 1291 816 au
1311 776 1467 816 service
1486 776 1538 817 de
1556 776 1678 818 Dieu.

109 851 196 891 Peu
215 848 338 900 apres
357 858 404 886 sa
423 844 667 886 conversion
700 844 803 897 qu'il
834 843 882 883 fit
912 855 1012 882 avec
1032 854 1090 882 un
1113 841 1244 894 grand
1273 842 1405 894 esprit
1425 841 1475 881 de
1496 842 1679 892 ferveur,

108 915 151 956 la
167 917 340 965 torpeur
358 915 400 951 et
419 911 478 951 les
496 910 687 951 tenebres
707 909 1066 961 l’envelopperent
1086 907 1120 947 si
1139 907 1236 947 bien
1257 907 1308 947 de
1340 907 1526 948 tristasse
1555 908 1679 961 spiri-

109 977 237 1020 tuelle
257 989 338 1030 que
358 988 421 1016 ses
441 976 593 1016 dehors
610 974 897 1026 annoncaient
916 985 1031 1014 assez
1051 985 1096 1013 ce
1117 973 1190 1026 q‘ui
1210 985 1253 1013 se
1284 973 1440 1026 passait
1453 985 1507 1013 au
1523 973 1683 1014 dedans

106 1044 161 1086 de
180 1055 256 1084 son
277 1044 386 1083 ame.
408 1042 545 1092 Aussi,
566 1053 623 1081 uu
642 1041 693 1081 de
725 1052 788 1080 ses
823 1051 1126 1091 compagnonS,
1148 1051 1223 1078 son
1257 1039 1341 1079 ami
1374 1039 1537 1087 intime,
1560 1039 1683 1080 cher-

109 1108 237 1150 chant
251 1110 275 1148 a
294 1107 471 1157 studim,
494 1107 599 1146 dans
619 1107 657 1146 le
676 1110 810 1146 secret
830 1108 872 1145 et
892 1106 931 1145 la
952 1104 1203 1154 confidence,
1230 1117 1302 1144 son
1321 1117 1449 1154 coeur,
1475 1105 1533 1144 lui
1565 1104 1685 1157 parta

107 1174 218 1215 ainsi
241 1187 250 1214 :
277 1187 296 1212 «
318 1164 561 1222 Godefroi‘d‚
582 1171 683 1224 qu’y
719 1170 834 1210 a-t-il
865 1170 974 1210 donc
1000 1181 1107 1222 pour
1139 1181 1235 1222 que,
1257 1172 1403 1209 contre
1433 1174 1551 1210 votre
1583 1181 1684 1210 cou-

113 1243 246 1290 tume,
267 1250 370 1279 vous
389 1237 527 1290 soyiez
548 1236 581 1276 si
606 1236 758 1289 pensis,
782 1236 815 1275 si
836 1235 983 1287 afflige
1015 1238 1056 1275 et
1080 1235 1114 1274 si
1146 1234 1352 1286 engourdi
1385 1234 1436 1274 de
1469 1235 1613 1276 coeur?
1632 1256 1686 1265 —

114 1303 259 1345 Helas!
281 1303 478 1356 repondit
499 1301 724 1342 Godefroid
744 1313 844 1340 avec
864 1313 921 1340 un
941 1300 1121 1352 profond
1141 1301 1299 1353 soupir,
1313 1311 1411 1340 mon
1434 1300 1560 1348 frere,
1575 1299 1605 1340 il
1624 1302 1688 1341 est

113 1368 356 1422 impossible
377 1379 458 1420 que
474 1367 574 1419 J'aie
589 1366 745 1419 jamais
764 1378 822 1405 un
843 1370 1033 1406 moment
1052 1365 1103 1405 de
1118 1366 1206 1417 joie
1228 1366 1265 1405 le
1286 1369 1395 1405 reste
1415 1365 1467 1406 de
1481 1377 1551 1405 ma
1564 1366 1646 1406 vie.
1660 1378 1682 1404 n

115 1435 148 1475 11
169 1434 306 1474 s'etait
325 1444 578 1473 ressouvenu
610 1432 682 1472 dcs
712 1431 993 1471 consolations
1013 1431 1069 1471 du
1090 1431 1229 1481 siecle,
1250 1430 1302 1471 de
1334 1442 1397 1470 ses
1427 1434 1611 1483 parents,
1636 1430 1687 1471 de

115 1511 182 1539 ses
202 1498 322 1548 amis,
345 1499 396 1538 de
417 1509 481 1538 ses
499 1497 618 1537 biens
637 1497 842 1548 auxquels
861 1496 890 1535 il
911 1496 1023 1535 avait
1043 1495 1104 1535 dit
1123 1495 1261 1543 ediec,
1285 1499 1328 1535 et
1356 1497 1381 1534 a
1412 1496 1536 1548 peine
1566 1498 1686 1536 entre

115 1564 223 1606 dans
241 1564 300 1603 les
319 1563 434 1603 voies
454 1562 505 1602 de
524 1562 644 1610 Dieu,
668 1562 744 1610 las,
767 1563 937 1613 ennuye
956 1563 999 1600 et
1030 1560 1255 1612 engourdi‚
1278 1559 1308 1600 il
1341 1560 1558 1601 cherchait
1590 1560 1687 1613 deja

117 1629 295 1670 l’ombre
314 1628 370 1669 du
393 1628 630 1680 genevrier‚
652 1627 712 1667 les
731 1626 1014 1666 consolatione
1045 1626 1100 1665 du
1131 1626 1284 1666 monde
1316 1625 1419 1679 qu’il
1449 1626 1564 1666 avait
1590 1626 1689 1666 lais-

114 1695 221 1736 8665.
243 1695 327 1734 Son
357 1704 637 1746 compagum,
660 1691 820 1744 l'ayant
849 1691 1045 1744 compris,
1068 1691 1155 1731 s’en
1188 1703 1253 1742 va,
1277 1690 1383 1731 dans
1414 1703 1497 1732 une
1532 1692 1688 1744 pensee

117 1758 362 1800 fraternelle
382 1758 434 1798 de
467 1758 565 1808 zele‚
589 1762 760 1798 trouver
788 1756 882 1797 leur
910 1758 1009 1809 pere
1042 1768 1259 1807 commun,
1280 1756 1390 1797 saint
1420 1757 1627 1808 Rerum-d,
1650 1759 1693 1798 et

118 1823 181 1865 lui
197 1828 368 1864 raconte
387 1825 495 1863 tout.
518 1824 574 1863 Le
594 1824 709 1875 pere,
731 1825 903 1863 entrant
921 1821 1027 1861 dans
1047 1821 1222 1874 reglise,
1240 1833 1283 1862 se
1302 1822 1381 1862 mit
1401 1834 1452 1862 en
1471 1822 1631 1874 prietes
1648 1824 1692 1863 et

118 1888 415 1929 recommanda
433 1900 532 1928 avec
551 1888 720 1928 ferveur
739 1889 763 1927 a
781 1887 888 1928 Dieu
917 1886 1094 1927 l'afi'aire
1127 1887 1184 1927 du
1216 1887 1327 1928 salut
1358 1887 1410 1928 de
1443 1887 1689 1939 Godefroid,

122 2043 416 2092 pollicitatione,
435 2042 652 2079 inveniatur
677 2042 816 2088 aliquis
847 2052 891 2078 ex

932 2042 1037 2079 Unde
1057 2042 1209 2088 quidam
1225 2052 1271 2078 ex
1291 2042 1560 2079 consodalibus
1579 2043 1614 2079 ei
1633 2042 1692 2079 fa-

122 2090 237 2129 nobis
256 2091 398 2127 deesse.
425 2105 438 2122 n
464 2089 723 2126 Excutiendus
743 2093 799 2127 est
819 2093 892 2126 tor-

932 2089 1148 2126 miliaritate
1164 2089 1321 2135 Junctus
1341 2095 1485 2126 secreto
1504 2095 1541 2126 et
1566 2090 1695 2127 corda·

123 2148 209 2186 por,
225 2142 261 2174 et
279 2138 537 2175 festinandum
558 2142 613 2175 est
633 2138 773 2184 (inquit
787 2148 893 2174 sanc-

124 2190 188 2224 tus
207 2186 385 2230 Thomas)
408 2185 448 2222 in
478 2186 548 2222 hac
574 2185 889 2232 peregrinatione,

125 2234 215 2288 quia
233 2234 293 2270 via
313 2233 425 2278 longa
445 2237 518 2278 est,
534 2233 608 2270 vita
626 2232 763 2277 brevis,
787 2243 893 2270 voca-

125 2284 180 2366 {io
196 2281 262 2318 Dei
283 2285 403 2328 urget,
423 2281 513 2317 etin
534 2291 640 2317 mora
659 2285 715 2318 est
746 2281 892 2328 pericu-

145 2338 223 2367 um.

174 2375 337 2414 Multum
357 2386 469 2423 porro
488 2375 612 2412 valere
638 2385 768 2413 vocem
801 2376 892 2412 hor-

127 2423 259 2467 tantis,
285 2433 492 2471 vocemque
523 2423 667 2460 orantis
697 2424 745 2460 ad
777 2433 893 2460 excu-

115 2470 302 2508 -tlendum
322 2481 495 2518 soporem
515 2476 551 2508 et
570 2470 747 2508 nubilum
779 2471 893 2518 spiri-

129 2520 205 2564 tus,
220 2518 342 2556 sancti
361 2519 540 2556 Bernardi
553 2519 728 2566 exemplo
756 2529 892 2566 possu-

132 2574 220 2603 mus
238 2565 443 2604 declarare.

179 2612 398 2651 Adhaerebat
430 2614 618 2651 Bernardo
651 2613 804 2660 quidam
825 2614 895 2650 Go-

128 2658 298 2698 defridus
322 2662 369 2698 de
398 2662 540 2698 Perona
569 2666 740 2698 recenter
769 2661 817 2698 ab
850 2671 893 2698 eo

132 2715 352 2753 conversus,
372 2713 407 2746 ct
432 2709 562 2746 divino
593 2709 773 2756 obsequio
805 2719 893 2746 con-

131 2758 314 2792 secratus.
344 2755 459 2793 Paulo
491 2761 575 2803 post
605 2757 893 2794 conversionem

133 2801 177 2838 in
197 2801 328 2847 spiritu
346 2802 501 2840 fervoris
539 2808 745 2850 peractam,
767 2809 894 2851 torpor

134 2853 173 2886 et
193 2848 357 2903 tenebrae
375 2860 463 2887 cum
483 2851 633 2888 tristitia
657 2851 812 2898 spiritus
844 2852 895 2888 ita

135 2906 224 2933 eum
244 2902 476 2943 invaserunt,
504 2902 543 2934 ut
580 2899 741 2936 exterior
781 2899 894 2936 etiam

136 2943 307 2982 hominis
325 2945 558 2982 conversatio
590 2946 680 2983 satis
710 2947 895 2984 indicaret

135 2991 230 3040 quid
247 2991 407 3030 interius
418 2991 462 3030 in
472 2993 602 3031 animo
615 2994 696 3042 ejus
707 2998 893 3042 ageretur.

933 2142 966 2173 te
987 2138 1068 2183 ejus
1087 2137 1260 2174 animum
1285 2137 1502 2183 explorans,
1523 2137 1579 2174 sic
1606 2147 1696 2175 eum

931 2189 987 2221 est
1006 2184 1192 2222 allocutus
1215 2195 1245 2220 :u
1270 2185 1367 2228 Quid
1387 2189 1457 2229 est,
1479 2184 1694 2231 Godcfride,

932 2232 1031 2278 quod
1047 2233 1098 2268 ita
1111 2236 1246 2278 praeter
1259 2242 1404 2270 morem
1418 2231 1695 2278 cogitabundus

932 2291 986 2323 es,
1014 2278 1191 2325 amictus,
1212 2285 1248 2316 et
1280 2280 1392 2317 corde
1429 2279 1696 2317 dormitabun-

931 2328 1033 2364 dus?
1055 2342 1068 2360 n
1093 2328 1159 2364 Cui
1192 2327 1272 2372 ille,
1301 2328 1489 2374 profundo
1509 2338 1595 2364 cum
1616 2338 1694 2364 sus-

935 2375 1055 2422 pirio:
1075 2387 1091 2407 «
1113 2375 1233 2420 Eheu,
1254 2376 1382 2420 frater,
1400 2379 1477 2412 toto
1496 2375 1581 2411 vitae
1601 2385 1697 2413 meae

934 2424 1096 2460 decursu
1130 2423 1237 2460 nullo
1270 2433 1437 2470 unquam
1469 2423 1571 2459 fruar
1601 2434 1697 2470 gau-

932 2471 1008 2507 dio.
1035 2486 1048 2503 n
1072 2470 1297 2508 Meminerat
1316 2471 1499 2507 nimirum
1518 2470 1699 2508 consola-

933 2519 1082 2555 tionum
1121 2519 1266 2564 saeculi‚
1305 2523 1520 2565 parentum,
1558 2519 1697 2556 amico-

935 2576 1035 2610 rum,
1072 2566 1304 2610 divitiarum,
1342 2565 1480 2612 quibus
1516 2566 1698 2604 nuntium

934 2614 1145 2659 remiserat,
1165 2618 1200 2651 et
1219 2614 1280 2650 vix
1301 2614 1492 2659 ingressus
1517 2613 1588 2650 iter
1614 2614 1696 2659 Dei,

930 2662 1010 2708 Jam
1031 2662 1151 2698 lassus
1170 2665 1205 2697 et
1225 2661 1336 2697 taedio
1356 2670 1400 2696 ac
1427 2671 1560 2708 sopore
1579 2661 1697 2699 affec-

933 2715 1007 2756 tus,
1028 2709 1202 2746 umbram
1223 2707 1411 2754 quaerebat
1431 2708 1612 2756 juniperi,
1635 2719 1698 2746 re-

933 2757 1066 2794 lictum
1092 2756 1267 2793 solatium
1299 2755 1443 2792 saeculi.
1465 2757 1543 2794 Boc
1571 2757 1698 2794 adver-

933 2810 1016 2841 tens
1042 2805 1124 2851 ejus
1151 2803 1384 2847 consodalis,
1416 2804 1495 2841 zelo
1532 2804 1698 2842 fraterno

933 2852 1068 2888 Sancto
1083 2850 1269 2888 Bernardo
1280 2854 1472 2896 tamquam
1486 2852 1586 2888 Patri
1599 2862 1701 2889 com·

934 2899 1043 2935 muni
1063 2909 1142 2935 rem
1163 2902 1279 2934 totam
1305 2898 1460 2936 indicat.
1483 2899 1553 2936 Ille
1572 2900 1700 2937 Eccle-

934 2948 1030 2983 siam
1050 2945 1280 2992 ingrediens,
1302 2946 1472 2984 oratione
1497 2946 1701 2987 ferventis-

934 2995 1031 3031 sima
1082 2993 1277 3040 negotium
1326 2993 1458 3032 salutis
1508 2995 1704 3035 Godetridi
