1858 3184
0 0 83 118 Ῐῗ

495 112 727 160 nummu
754 121 968 152 mmmmm
997 121 1049 151 ms
1077 109 1267 152 r'avssnr.
1592 113 1672 154 413
1725 122 1732 128 ·

51 248 53 250 ,
101 207 149 248 et
166 204 281 247 enfin
298 215 375 257 par
391 202 452 244 les
470 201 644 243 ardeurs
660 199 934 252 infatigables
952 200 1003 240 de
1024 211 1089 240 ses
1106 199 1235 240 libres
1252 200 1492 252 reproches.
1515 201 1619 242 Mais
1639 201 1671 242 il

107 283 161 312 ne
180 270 306 310 brilla
323 280 397 322 pas
414 266 548 308 moins
565 263 670 318 qu'il
690 277 744 306 ne
762 264 900 315 brula,
920 278 1028 318 pour
1052 266 1092 305 18
1124 264 1214 304 dire
1244 277 1298 304 en
1332 265 1434 304 trois
1452 269 1576 315 mots,
1597 279 1675 320 par

107 333 343 388 l’exemple,
365 345 441 386 par
458 330 615 372 l'index
633 333 676 370 et
694 342 771 383 par
789 330 831 370 18
863 330 1021 383 parole,
1044 342 1098 370 en
1130 341 1172 369 se
1205 333 1423 370 montraut
1453 330 1674 372 lui-meme

110 411 272 440 comme
291 395 555 448 uno'xemple
574 397 599 435 ὲ
619 395 773 445 suivre,
793 407 844 435 en
863 398 1082 435 montrant
1102 395 1158 434 du
1180 394 1315 446 doigt,
1337 407 1445 447 pour
1463 395 1504 435 18
1524 396 1672 436 remis·

109 465 200 505 sion
221 465 293 505 des
310 446 474 516 pecheS,
497 459 637 501 l’astre
655 460 750 513 plus
771 460 903 512 grand
935 472 1017 512 que
1051 459 1109 499 lui
1147 460 1220 512 qui
1239 460 1341 499 etait
1361 472 1512 500 encore
1532 461 1674 510 cache,

110 533 153 570 et
174 528 303 578 enfin,
325 539 376 568 en
392 527 529 579 jetent
546 537 605 564 un
626 536 758 577 rayou
778 524 829 564 de
848 524 1025 564 lumiere
1045 524 1150 563 dans
1171 537 1247 564 nos
1268 525 1474 574 tenebres‚
1498 525 1614 565 selon
1629 538 1675 566 ce

110 597 200 635 mot
235 593 286 633 de
316 590 535 633 l’Ecriture
570 604 578 630 :
613 590 797 642 Puisque
834 590 933 629 c'est
970 602 1089 639 vous,
1124 590 1348 642 Seigneur,
1385 590 1458 641 qui
1495 590 1676 632 altumez

110 670 181 701 ma
215 658 367 710 lampe,
401 656 576 696 eclairez
613 666 702 695 mes
732 655 941 704 tenebres,
964 656 988 694 ὀ
1026 667 1127 695 mon
1167 656 1287 704 Dieu,
1325 655 1409 708 (Ρε.
1450 667 1552 704 xvn,
1590 656 1675 709 29.)

109 735 217 777 pour
241 734 308 763 me
339 721 541 772 corriger.
564 719 703 773 (Bern.
738 720 871 761 Serm.
897 734 1007 774 pour
1040 720 1078 761 la
1099 720 1194 761 Nat.
1217 720 1265 760 de
1285 720 1328 762 S.
1351 721 1676 775 leun-Baptiste,

110 790 152 829 5.
190 801 209 825 8

155 787 268 894 )Jean
300 851 476 892 criait-il
507 851 615 891 donc
645 854 737 891 tout
764 852 854 891 8818
888 864 984 891 5885
1017 852 1136 899 fruit,
1170 852 1221 892 de
1260 853 1446 892 muniere
1483 855 1508 892 8
1546 853 1678 894 in'etre

83 967 96 975 Ι
110 918 265 973 qu'une
286 916 476 968 cymbale
495 916 790 957 retentissante
810 919 853 956 et
872 929 930 956 un
953 916 1086 956 airain
1118 921 1299 956 sounant
1328 918 1399 970 qui
1420 919 1566 971 frappe
1587 918 1679 959 l'air

112 993 164 1023 cn
184 981 303 1022 vain!
328 982 418 1021 Non
449 981 581 1034 point,
603 994 674 1022 car
703 982 764 1022 les
796 981 931 1021 foules
962 984 1105 1022 emues
1138 985 1178 1022 et
1207 983 1444 1035 penitentes
1465 984 1644 1023 disaient
1667 997 1678 1024 ε

116 1060 136 1086 ι(
158 1048 246 1096 Que
266 1046 566 1087 ferons-nous?
585 1049 627 1087 et
646 1060 701 1087 uu
724 1046 858 1099 grand
878 1047 1052 1087 nombre
1086 1060 1128 1087 se
1160 1048 1357 1088 faisaient
1388 1049 1572 1101 baptiser
1603 1061 1679 1102 par

111 1112 189 1162 lui,
209 1124 262 1151 en
283 1112 519 1152 confessant
537 1112 648 1152 leurs
668 1112 832 1164 peches.
856 1111 974 1164 (Mat.
997 1113 1078 1165 111.)
1102 1127 1120 1150 »
1147 1112 1175 1152 ll
1196 1113 1267 1165 n’y
1287 1114 1400 1154 avait
1433 1114 1472 1154 18
1504 1115 1594 1154 rien
1628 1114 1680 1155 de

114 1180 381 1230 surprenant‚
404 1189 474 1217 car
490 1178 595 1218 Jean
617 1177 764 1217 n'etait
783 1190 857 1230 pas
874 1178 1106 1217 seulement
1127 1178 1167 1217 18
1187 1179 1284 1218 voix
1304 1179 1376 1230 qui
1397 1180 1496 1227 crie,
1510 1180 1539 1219 il
1559 1179 1677 1230 eluit,

115 1254 276 1283 comme
296 1254 401 1282 nous
423 1242 579 1281 l'avons
598 1242 673 1291 dit,
696 1242 735 1281 18
767 1242 865 1282 voix
898 1242 948 1282 de
980 1243 1086 1282 celui
1120 1243 1192 1295 qui
1226 1244 1324 1283 eric.
1347 1245 1378 1284 ll
1400 1245 1503 1284 elai*¹
1525 1246 1562 1283 la
1584 1245 1682 1284 voix

116 1307 166 1348 de
184 1308 304 1347 Dieu.
326 1307 430 1347 Dieu
450 1306 570 1346 criait
589 1318 641 1346 en
661 1307 734 1354 lui,
758 1312 799 1347 81
831 1307 902 1347 des
934 1308 1017 1347 lors
1037 1311 1143 1347 cette
1175 1308 1271 1348 voix
1305 1321 1357 1348 ue
1390 1309 1560 1362 pouvait
1592 1311 1682 1350 etre
1707 1359 1710 1362 Α

115 1372 345 1413 inefficace.
366 1372 400 1412 Il
431 1372 535 1412 etait
567 1371 607 1411 18
638 1372 735 1411 voix
766 1374 823 1412 «lu
856 1373 989 1413 Verbc
1022 1373 1155 1421 divin,
1178 1374 1406 1426 procedant
1427 1374 1477 1414 de
1499 1375 1558 1414 lui
1580 1375 1683 1415 8118

115 1437 356 1491 precedant,
378 1436 417 1477 le
438 1437 724 1485 manifestant,
747 1449 907 1477 comme
928 1440 1047 1477 notre
1067 1438 1164 1477 voix
1190 1439 1367 1490 procede
1400 1439 1456 1479 du
1488 1439 1610 1480 verbe
1630 1440 1683 1480 de

116 1507 237 1543 notre
258 1502 386 1554 esprit
405 1505 446 1542 et
466 1502 503 1542 le
522 1502 697 1554 precede
717 1502 820 1541 dans
839 1502 961 1542 reme
982 1503 1033 1542 de
1053 1502 1278 1543 l'auditeur
1307 1516 1414 1556 pour
1443 1504 1481 1544 le
1507 1505 1564 1544 lui
1587 1517 1679 1546 ma-

116 1566 306 1607 nifester.
329 1567 464 1616 Aussi,
486 1567 749 1606 discus-nous
766 1579 866 1607 avec
886 1568 995 1607 saint
1014 1567 1148 1607 Basile
1169 1581 1251 1621 que
1271 1581 1317 1608 ce
1338 1570 1410 1622 qui
1442 1574 1505 1610 est
1537 1571 1597 1611 dit
1627 1583 1682 1612 88

116 1632 294 1673 Psaume
312 1642 444 1673 xxvm
463 1631 514 1672 de
533 1631 574 1671 18
592 1632 689 1671 voix
706 1631 763 1671 du
782 1632 992 1684 Seigneur
1010 1646 1108 1672 avec
1129 1636 1220 1673 tant
1247 1634 1298 1673 de
1318 1636 1618 1686 magnificence
1640 1641 1683 1678 et

119 1695 302 1749 d'eloges
322 1697 516 1737 convient
533 1697 829 1754 pnrfaitement
858 1699 883 1737 8
915 1698 1022 1737 saint
1050 1699 1157 1738 Jean
1190 1699 1264 1752 qui
1297 1700 1399 1740 etait
1431 1701 1472 1740 18
1504 1702 1601 1741 voix
1622 1702 1679 1743 du

121 1762 340 1814 Seigneur.
361 1764 474 1802 Dans
501 1762 592 1803 leur
623 1774 717 1802 sens
736 1763 908 1814 litteral,
930 1775 996 1803 ees
1027 1765 1190 1816 paroles
1211 1765 1475 1806 s'entendent
1496 1767 1551 1806 du
1587 1770 1685 1807 ton-

120 1838 259 1876 nerre,
280 1827 354 1880 qui
372 1829 435 1867 est
454 1838 536 1867 une
567 1827 664 1867 voix
693 1827 744 1867 de
777 1827 882 1867 Dieu
913 1829 1188 1869 retentissant
1220 1830 1435 1870 au-dessus
1469 1832 1543 1871 des
1574 1844 1685 1873 eaux

120 1891 322 1944 pluviales
340 1892 594 1944 suspendues
612 1893 715 1933 dans
733 1892 793 1932 les
811 1895 953 1943 88885,
975 1893 1133 1934 brisant
1151 1894 1211 1935 185
1230 1895 1387 1946 cedres‚
1410 1896 1632 1938 ebranlant
1645 1897 1689 1938 le

123 1957 273 2006 desert,
295 1957 463 2009 lancent
483 1957 554 1998 des
573 1958 762 1998 flammes
782 1958 854 2011 qui
874 1959 1087 1999 dechireut
1107 1960 1147 1999 la
1167 1973 1264 2008 nue,
1289 1961 1477 2001 excitant
1496 1963 1555 2002 les
1577 1963 1684 2003 cerfs

124 2023 150 2062 8
168 2023 320 2062 courir.
343 2023 459 2072 Mais,
481 2023 585 2062 daus
605 2024 644 2064 le
663 2035 755 2063 sens
775 2024 980 2076 spirituel,
994 2028 1131 2064 toutes
1150 2037 1216 2064 ces
1236 2026 1381 2065 choses
1400 2027 1688 2067 conviennent

126 2169 253 2203 cantes
272 2166 486 2202 constantia
507 2165 635 2202 liberae
654 2166 885 2213 increpatio-
926 2178 994 2202 vox
1029 2167 1143 2203 Verbi
1184 2168 1321 2212 Divini‚
1355 2169 1401 2204 ab
1433 2170 1514 2216 ipso
1552 2181 1688 2216 proce-

125 2212 199 2250 nis.
232 2213 334 2249 Dixit
372 2213 561 2260 exemplo,
592 2214 724 2260 digito,
757 2215 885 2258 verbo,
925 2215 1035 2258 dens,
1069 2220 1103 2251 et
1138 2220 1263 2252 tamen
1296 2216 1420 2263 ipsum
1454 2218 1688 2263 praecedens,

127 2270 239 2307 opere
274 2261 455 2307 seipsum,
504 2261 694 2298 Christum
744 2262 885 2308 indice,
926 2263 1050 2309 ipsum
1072 2263 1538 2301 manit'estans.Sicutv0x
1561 2271 1690 2303 nostra

127 2307 300 2354 nosipsos
316 2308 428 2345 nobis
449 2318 622 2345 sermone
642 2310 851 2346 declarans
867 2325 882 2343 ι»
926 2322 946 2346 a
968 2310 1078 2346 verbo
1107 2311 1246 2347 mentis
1278 2317 1417 2348 nostrie
1449 2314 1631 2360 procedit,
1654 2318 1690 2350 et

175 2354 247 2392 Sed
265 2356 438 2403 nunquid
456 2357 622 2394 loannes
652 2358 734 2394 sinc
762 2358 886 2394 fructu
927 2358 1021 2394 illud
1047 2359 1225 2404 praecedit
1255 2358 1296 2395 in
1328 2365 1454 2396 mente
1485 2361 1690 2406 audientis,

130 2401 212 2439 haec
230 2402 471 2448 inclamabat,
492 2404 542 2440 118
563 2409 602 2440 81
636 2405 758 2441 solum
790 2410 887 2441 esset
927 2410 965 2442 ut
987 2406 1112 2451 ipsum
1133 2406 1168 2442 ei
1188 2407 1417 2450 manifestet,
1441 2408 1567 2454 Itaque
1600 2419 1691 2446 cum

132 2449 345 2495 cymbatum
365 2450 533 2488 tinniens
557 2456 620 2488 aut
653 2464 705 2488 aes
731 2463 887 2497 508885,
927 2458 1058 2490 sancto
1080 2454 1216 2490 Basilio
1237 2465 1320 2500 quae
1340 2456 1379 2491 in
1402 2455 1550 2492 Psalmo
1570 2456 1691 2502 28,de

134 2501 171 2532 et
187 2496 349 2534 inaniter
367 2507 495 2536 aerem
519 2499 751 2536 verberans?
771 2499 886 2536 Absit.
929 2511 1016 2537 voce
1057 2502 1208 2538 Domini
1248 2502 1447 2548 magnifice
1485 2503 1690 2550 multisque

132 2542 268 2580 Turbae
294 2544 397 2581 enim
414 2546 461 2583 ad
489 2547 751 2593 ptenitentiam
781 2558 888 2584 com·
927 2548 1059 2594 elogiis
1092 2549 1359 2596 praedicantur,
1381 2555 1511 2586 sancto
1536 2552 1690 2596 loanni,

132 2593 245 2627 motae
274 2590 448 2629 dicebant
469 2603 478 2630 :
514 2609 528 2627 u
551 2595 647 2638 Quid
678 2596 890 2632 faciemus?
927 2597 994 2642 qui
1012 2596 1088 2632 Vox
1111 2601 1189 2633 erat
1209 2597 1583 2643 Domini‚aptissime
1602 2609 1691 2636 con-

134 2637 317 2685 Multique
336 2638 616 2686 baptizabantur
634 2642 681 2678 ab
701 2653 745 2680 8ο
766 2643 888 2680 confi·
928 2643 1055 2680 venire
1074 2644 1279 2681 afferimus.
1300 2645 1398 2681 Licct
1430 2646 1533 2682 enim
1554 2646 1691 2684 littera-

137 2687 258 2722 tentes
275 2690 428 2732 peccata
445 2697 523 2724 sua.
547 2703 561 2722 n
585 2689 714 2736 Neque
735 2691 889 2735 mirum,
931 2691 1014 2727 liter
1034 2692 1079 2727 de
1112 2692 1275 2728 tonitruo
1308 2692 1580 2739 intelligantur,
1604 2694 1691 2741 quia

138 2731 226 2779 quia
251 2732 414 2770 loannes
443 2744 521 2772 non
549 2741 627 2774 erat
657 2738 780 2775 solum
813 2738 892 2775 Vox
931 2738 1024 2775 illud
1063 2743 1117 2774 est
1155 2750 1222 2775 vox
1263 2740 1435 2786 quaedam
1475 2742 1541 2778 Dei
1579 2752 1691 2788 super

138 2778 323 2823 clamans,
343 2783 383 2816 ut
407 2781 584 2826 diximus,
604 2785 669 2822 sed
699 2791 777 2822 erat
809 2788 890 2823 Vox
929 2797 1044 2832 aquas
1081 2786 1276 2833 pluviales,
1315 2798 1400 2834 quae
1438 2788 1478 2824 in
1524 2789 1691 2826 nubibus

139 2826 351 2864 clamantis.
368 2827 447 2864 Vox
459 2829 603 2868 58111881
615 2832 683 2868 Dei
702 2838 780 2870 erat
795 2834 889 2880 ipse.
929 2834 1117 2880 pendent,
1161 2844 1391 2881 personans,
1425 2836 1556 2873 cedros
1594 2847 1691 2874 con-

140 2873 333 2911 Clamabat
347 2875 445 2912 Deus
462 2875 503 2914 in
521 2875 617 2925 ipso,
631 2879 791 2928 ideoque
810 2881 892 2918 haec
930 2881 1112 2927 11183885,
1125 2880 1316 2918 desertum
1335 2884 1573 2929 concutiens,
1587 2887 1691 2922 flam-

139 2931 213 2958 vox
230 2931 311 2960 non
328 2926 472 2969 poterat
488 2933 569 2963 esse
593 2926 783 2966 inefficax.
804 2929 892 2966 Erat
930 2939 1010 2965 mas
1029 2929 1130 2975 ignis
1149 2939 1169 2966 e
1187 2928 1354 2967 nubibus
1374 2931 1480 2978 quasi
1492 2932 1689 2971 intercisas
