1858 3184
793 149 820 182 ο
844 149 1010 185 omns.
1609 141 1697 186 m

119 232 172 273 (b
187 230 366 274 l'orreur
382 233 426 273 et
442 231 502 273 du
517 229 623 271 vioe.
654 229 747 272 Une
778 228 940 282 grande
969 227 1148 269 lumiere
1178 226 1276 269 s‘est
1305 227 1424 269 levee
1451 230 1564 272 aussi
1582 243 1693 285 pour

117 297 180 341 les
193 296 522 351 justes-detentas
536 294 643 336 dans
660 293 704 335 ln.
732 294 877 348 prison
912 293 1156 334 tenebreuse
1174 292 1248 334 des
1266 293 1430 345 limhes,
1453 296 1478 334 e
1505 294 1688 337 l'aveno-

117 365 238 405 ment
264 362 322 404 du
349 361 500 411 Christ,
521 362 564 408 et
594 358 761 400 ceux-le
790 359 1051 412 sonpiraient
1083 370 1184 399 avec
1204 358 1257 399 de
1285 358 1450 411 pieuses
1482 359 1692 402 clamem-e

117 439 213 469 vers
242 430 350 468 cette
379 425 572 476 lumiere,
603 426 798 478 repetant
817 426 843 465 ὲ
862 425 946 464 bon
977 424 1088 464 droit
1123 435 1224 464 avec
1258 425 1587 477 gemissement:
1614 441 1635 464 n
1654 428 1688 467 O

119 493 281 543 orient,
301 503 430 533 venez
448 495 491 532 et
509 490 685 531 eclairez
705 502 811 531 ceux
842 490 915 544 qui
947 493 1043 529 sont
1074 489 1176 529 assis
1207 489 1311 529 dans
1330 488 1390 529 les
1421 490 1617 530 tenebres
1648 494 1691 532 et

118 557 224 598 dans
241 556 415 599 l'ombre
434 555 547 596 dela
565 558 693 604 mort,
718 570 737 592 ω
758 560 799 595 et
831 555 880 595 ils
909 554 1118 608 parlaient
1150 554 1256 594 ainsi
1278 566 1386 614 „sous
1418 554 1608 609 l’empire
1641 555 1694 596 de

2 661 6 669 ,
120 622 238 664 leurs
250 621 380 663 desire
397 633 474 674 par
493 624 664 674 rapport
685 621 712 660 ὲ
729 632 775 661 ce
794 620 918 673 triple
938 620 1099 660 Orient.
1336 612 1345 621 '

0 691 7 727 ἒ
175 688 288 729 Nous
306 685 430 735 aussi,
454 697 559 726 nous
579 685 756 726 adorons
775 697 820 726 ce
841 684 964 737 triple
985 684 1145 733 Orient,
1167 696 1274 724 nous
1299 684 1564 738 l'invoqnons
1593 698 1692 726 eon·

11 768 13 770 ·
120 750 431 802 tinuellement‚
465 749 550 791 afin
582 750 634 791 de
666 750 893 804 participer
921 753 945 790 ὰ
966 750 1006 790 la
1027 750 1202 790 lumiere
1229 749 1332 802 qu’il
1364 762 1470 790 nous
1501 753 1691 803 apporto,

119 815 286 870 appeles
303 818 328 856 ὲ
348 818 549 869 partager
567 816 791 868 l’heritage
823 816 894 856 des
928 816 1067 856 Saints
1085 815 1190 855 daus
1209 814 1250 855 la
1271 815 1448 856 lumiere
1468 818 1510 855 et
1538 816 1696 857 rendus

117 881 186 926 fils
215 881 267 925 de
297 881 340 922 la
369 881 546 922 lumiere
588 893 665 934 par
703 883 768 922 eet
810 881 971 929 orient,
1002 893 1108 921 nous
1145 880 1216 932 qui
1255 883 1520 933 anparavant
1557 881 1693 921 etions

118 957 280 989 comme
300 946 550 1000 enveloppes
568 947 672 987 dans
693 958 749 987 un
767 958 920 998 nuage,
943 946 1008 986 fils
1028 946 1078 985 de
1100 946 1290 985 tenebras
1310 951 1352 986 et
1373 946 1589 987 habitante
1618 946 1697 988 des

41 1037 46 1045 ·
119 1011 285 1055 ombres
304 1012 414 1053 dela
434 1014 558 1062 mort,
582 1011 766 1052 destines
785 1014 809 1051 ὰ
828 1012 970 1052 ronler
990 1011 1062 1051 des
1095 1010 1283 1051 teuehres
1310 1011 1558 1051 interieures
1586 1010 1694 1052 dans

118 1075 179 1118 les
198 1076 389 1117 tenebres
409 1076 645 1117 eternelles.
669 1077 776 1118 C'est
808 1076 1016 1130 pourquoi
1050 1077 1389 1119 anciennement.
1412 1077 1517 1116 dans
1546 1076 1605 1118 les
1624 1078 1694 1117 ce·

119 1142 331 1184 remonies
350 1142 404 1183 du
425 1142 643 1194 Bapteme,
665 1142 808 1195 quand
829 1142 867 1182 le
887 1141 1185 1181 catechumene
1217 1142 1433 1193 renoncait
1451 1143 1477 1181 ὁ,
1497 1142 1644 1190 Satan,
1667 1143 1693 1181 ὲ

121 1218 186 1249 ses
203 1219 366 1249 oeuvres
398 1210 442 1248 et
461 1209 485 1247 e
504 1220 567 1248 ses
598 1219 784 1260 pompesn
807 1207 836 1247 il
869 1219 912 1246 se
944 1207 1154 1246 trournait
1185 1218 1278 1246 vers
1316 1206 1560 1255 l'Occidcnt,
1598 1206 1695 1260 puis

121 1283 215 1315 vers
233 1271 423 1314 l'Orient.
446 1273 567 1314 saint
580 1272 707 1312 Denis
727 1271 957 1325 (Hz'e'rarclz.
979 1270 1264 1323 eccle'setzsmi.)
1286 1271 1509 1324 s'exprime
1528 1282 1694 1313 comme

123 1335 154 1376 il
172 1336 256 1377 snit
274 1340 299 1377 ὰ
317 1349 362 1379 ee
381 1350 533 1390 propos
557 1351 567 1378 :
596 1351 615 1375 α
628 1339 683 1378 Le
703 1339 841 1389 preti-e
861 1337 978 1390 place
998 1336 1035 1376 le
1056 1337 1354 1376 catechumene
1387 1349 1480 1376 vers
1498 1337 1691 1386 l'Orient,

123 1401 165 1444 le
182 1402 260 1444 fait
279 1402 482 1455 regarder
501 1403 605 1443 dans
623 1402 662 1443 le
685 1404 818 1442 meme
832 1414 940 1450 senS,
960 1402 1052 1454 puis
1066 1402 1093 1441 il
1113 1402 1168 1441 lui
1184 1402 1433 1441 commende
1448 1401 1499 1441 de
1519 1403 1695 1442 soufsser

123 1467 227 1509 trois
244 1467 324 1508 fois
343 1480 415 1508 sur
435 1468 564 1509 Satan
585 1470 627 1507 et
646 1468 697 1507 dc
717 1467 822 1507 faire
842 1479 887 1506 sa
906 1466 1209 1506 renonciation.
1231 1468 1362 1517 Apres
1394 1466 1435 1505 la
1466 1466 1591 1520 triple
1626 1477 1691 1506 re-

123 1532 383 1584 nonciation,
406 1532 436 1572 il
455 1533 493 1573 le
512 1534 635 1572 mene
655 1533 711 1572 du
730 1533 820 1572 cete
840 1532 890 1571 dc
911 1531 1102 1581 l'Orient,
1124 1531 1183 1571 lui
1205 1531 1281 1571 fait
1301 1531 1415 1571 lever
1434 1532 1492 1571 les
1518 1542 1632 1583 yeux
1651 1534 1694 1573 et

122 1595 183 1640 los
202 1597 336 1638 mains
355 1610 407 1639 au
428 1597 505 1638 ciel
525 1603 566 1638 et
586 1597 646 1637 lui
666 1597 912 1637 commando
931 1596 982 1636 de
1003 1609 1046 1636 se
1066 1599 1296 1636 soumettre
1317 1598 1341 1635 ὲ
1361 1600 1454 1636 tous
1467 1597 1527 1636 les
1547 1596 1696 1638 ordres

123 1661 307 1705 celestes.
333 1678 352 1700 ι»
373 1663 494 1704 Saint
522 1663 706 1711 Jerdme‚
740 1663 1019 1715 interpretant
1041 1662 1081 1701 ln
1112 1663 1250 1702 meme
1288 1661 1524 1702 ceremonie
1562 1660 1692 1715 (Com,

53 1732 62 1747 '
122 1739 192 1770 sur
209 1726 340 1778 Amos,
365 1726 480 1782 chop.
497 1728 589 1781 v1.)‚
611 1728 833 1781 s’exprime
853 1741 902 1767 eu
922 1740 989 1767 ces
1008 1730 1163 1768 termes
1185 1741 1194 1767 ε
1223 1743 1242 1763 «
1257 1728 1369 1767 Dans
1388 1727 1449 1767 les
1470 1728 1688 1779 mysteroe,
1726 1774 1729 1778 ¹

124 1804 231 1833 nous
268 1804 500 1850 renonoons
536 1793 707 1834 d’ahord
729 1793 880 1834 &celui
916 1792 989 1844 qui
1021 1796 1160 1832 meur-t
1191 1804 1353 1832 comme
1384 1804 1491 1832 nous
1526 1804 1628 1833 avec
1653 1793 1694 1834 le

123 1857 255 1911 peche
274 1869 325 1898 en
345 1858 558 1907 occident,
579 1858 689 1912 puis,
710 1870 816 1899 nous
834 1861 1034 1898 tournant
1065 1869 1158 1897 vers
1188 1857 1379 1907 l’Orient‚
1402 1869 1509 1897 nous
1535 1857 1694 1899 saisons

125 2003 275 2042 bantur.
315 2005 395 2043 Lux
442 2016 589 2053 quoque
632 2017 769 2053 magna
807 2011 888 2043 orta
928 2006 1078 2048 fuceret,
1117 2016 1190 2051 qua
1234 2005 1472 2042 caeremoniis
1516 2005 1694 2051 baptismi

123 2051 235 2100 iustis
273 2053 314 2090 in
350 2064 500 2091 carcere
537 2054 736 2091 tenebroso
780 2054 887 2091 limbi
927 2054 1155 2096 continetur,
1171 2053 1487 2098 seilicetSatanae‚
1501 2052 1679 2100 operibus

125 2099 301 2144 detentis,
321 2112 387 2148 per
418 2101 555 2138 Christi
586 2102 788 2138 adventum
811 2114 819 2139 :
841 2103 887 2138 ad
927 2112 970 2137 ac
991 2102 1139 2147 pompis
1159 2101 1255 2147 ejus,
1279 2101 1423 2137 solebat
1444 2111 1484 2136 se
1503 2101 1626 2146 primo
1646 2081 1695 2137 ad

126 2157 239 2195 quam
275 2148 349 2195 ipsi
387 2149 511 2186 lucem
561 2150 790 2186 elamoribus
818 2151 891 2197 piis
928 2150 1172 2185 Occidentem
1187 2148 1492 2191 verterc‚dcinde
1505 2148 1551 2184 ad
1566 2148 1697 2186 Orien·

22 2238 30 2244 ⁴
126 2195 368 2243 anhelabant,
418 2197 552 2234 merito
599 2208 687 2234 cum
746 2199 888 2244 gemitu
931 2204 1016 2232 tem.
1038 2198 1087 2232 Dc
1107 2207 1179 2242 quii
1201 2206 1240 2232 rc
1253 2196 1307 2232 sic
1327 2196 1492 2242 loquitur
1504 2196 1541 2231 S.
1559 2195 1698 2241 Diony·

3 2244 29 2294 t„
125 2247 338 2298 repetentes
360 2255 369 2281 z
391 2244 423 2281 O
450 2245 599 2289 oriem,
621 2246 723 2289 veni,
743 2250 779 2282 et
799 2246 890 2282 itlu-
930 2246 1022 2295 sius,
1059 2244 1199 2280 llierar.
1224 2244 1325 2280 Ecct.
1361 2254 1394 2280 c.
1416 2243 1453 2280 2.
1480 2256 1494 2274 α
1516 2243 1698 2280 Sacerdos

125 2299 232 2328 mma
249 2292 422 2329 sedentes
439 2292 480 2329 in
517 2293 683 2330 tenebris
703 2299 737 2329 et
758 2293 891 2330 umbra
930 2293 1176 2328 Occidentem
1233 2302 1362 2328 versus
1430 2291 1698 2337 baptisandum

125 2338 274 2384 mortis,
294 2339 454 2387 triplicis
478 2340 570 2378 dIcti
603 2342 770 2378 Orientis
789 2342 891 2378 desi·
930 2346 1111 2384 statuens,
1134 2340 1224 2376 illuc
1239 2339 1515 2382 intendentem,
1537 2348 1699 2375 manus-

126 2385 246 2424 derio.
931 2399 1002 2434 quc
1024 2388 1298 2434 impingentem
1317 2387 1364 2422 ad
1384 2387 1556 2422 eamdem
1571 2385 1696 2432 regio·-

173 2433 246 2470 Sed
263 2438 300 2471 et
318 2445 390 2472 nos
409 2445 558 2482 quoque
580 2436 768 2483 triplicem
791 2436 892 2472 hunc
934 2446 1020 2472 nem
1042 2446 1254 2479 conversas,
1278 2435 1471 2470 insufflare
1505 2438 1558 2469 ter
1588 2433 1696 2470 Sata-

128 2478 320 2535 Orientem
373 2481 588 2530 adoramus,
620 2488 656 2521 et
710 2485 894 2521 continuo
933 2494 1021 2519 nam
1066 2482 1187 2529 jubet,
1225 2493 1269 2519 ac
1318 2481 1699 2518 abrenunciationem

128 2526 239 2566 lihm
274 2529 512 2576 invocamus,
550 2536 591 2568 ut
629 2532 739 2578 lucis,
779 2542 891 2578 quam
933 2531 1112 2578 protiteri.
1138 2530 1181 2566 Et
1202 2534 1283 2577 post
1300 2528 1699 2565 trinamabrenuncia·

129 2573 250 2623 affert,
265 2583 464 2615 consortes
475 2579 692 2623 reddamur,
709 2580 830 2616 vocati
852 2580 892 2615 in
934 2579 1090 2623 tionem,
1105 2578 1151 2614 ad
1171 2578 1365 2614 Orientem
1386 2577 1495 2612 illum
1515 2575 1698 2622 traducit;

128 2625 274 2669 partem
291 2626 404 2662 sortis
422 2626 645 2664 Sanctorum
670 2627 711 2663 in
732 2627 893 2671 lumine,
931 2627 1253 2673 aspicientemque
1291 2626 1331 2661 in
1381 2623 1535 2668 coetum,
1585 2628 1700 2671 atque

130 2673 168 2706 et
182 2668 275 2708 faeti
309 2671 379 2711 filii
410 2673 509 2710 lucis
538 2685 607 2728 per
626 2674 736 2712 illum
755 2675 894 2711 Orien·
933 2674 1192 2710 intendentem
1214 2682 1363 2715 manuS,
1384 2671 1501 2708 sacris
1518 2671 1700 2709 omuibus

130 2721 222 2772 tem,
241 2718 308 2764 qui
337 2724 448 2758 antea
479 2721 550 2758 filii
581 2722 837 2765 tenebrarum,
857 2726 891 2758 et
932 2722 1114 2758 divinitus
1134 2721 1281 2757 traditis
1301 2718 1518 2756 consentire
1533 2718 1655 2766 J‘ubet.
1680 2734 1694 2751 ι

83 2785 85 2788 -
130 2764 268 2801 meolae
302 2766 448 2805 umbrae
485 2770 619 2806 mortis
655 2770 695 2806 in
731 2770 895 2815 caligine
933 2770 1113 2806 Eamdem
1145 2767 1413 2805 caeremoniam
1443 2766 1700 2813 interpretans

24 2840 35 2852 ,,
130 2811 386 2862 volvebamur‚
405 2815 454 2852 ab
472 2817 634 2854 internis
655 2817 824 2854 tenebris
847 2817 894 2854 ad
932 2818 969 2853 S.
1004 2818 1256 2861 {lieronymus
1284 2814 1324 2850 in
1356 2823 1391 2851 e.
1411 2814 1448 2850 6.
1483 2815 1612 2857 Amos,
1644 2813 1704 2850 sie<

6 2877 25 2909 ·,,
131 2864 294 2913 aeternas
311 2860 545 2901 devolvendi.
568 2865 768 2912 Propterea
793 2865 894 2901 anti·
932 2864 1024 2901 dicit
1047 2875 1078 2900 :u
1092 2864 1136 2899 In
1157 2861 1346 2908 mysteriis
1392 2861 1488 2899 rimo
1508 2861 1701 2898 renuntia·

129 2911 259 2994 {22⁰⁵
289 2908 353 2955 qui
390 2908 619 2958 baptismum
649 2911 894 2961 suscipiebat,
933 2923 1018 2948 mus
1037 2912 1086 2955 ei,
1107 2910 1172 2957 qui
1192 2910 1233 2947 in
1265 2909 1356 2947 Occi
1385 2914 1472 2947 ente
1497 2908 1706 2946 nobiseum

261 2956 588 3021 renunciationem
617 2959 726 2999 illm
755 2960 896 2999 trinam
933 2959 1093 2998 moritur
1112 2967 1201 2997 eum
1230 2957 1396 3007 peccatis
1417 2967 1427 2996 :
1449 2960 1486 2996 et
1515 2957 1572 2996 sic
1600 2955 1704 2995 vemt

0 2439 8 2441 '
5 2414 11 2426 ⁵
0 2300 22 2405 resve-*21

3 3047 38 3178 squs
16 3008 33 3021 Τ
14 2968 22 2971 ¹
14 2921 22 2933 ⁶
7 2824 19 2863 ‘⁷'
