1858 3184
519 119 751 166 cummium
780 128 992 159 purumne
1022 128 1074 158 nn
1100 117 1290 159 L’Avenr.
1605 119 1686 170 397

123 210 271 253 envoie
306 210 536 261 beaucoup,
556 206 696 247 meme
723 205 795 246 des
831 205 1055 260 religieux,
1079 205 1152 258 qui
1191 203 1311 245 n’ont
1341 206 1386 245 ni
1423 205 1615 256 lumiere,
1640 206 1687 248 in

123 275 266 329 esprit,
287 274 333 315 ni
349 272 538 314 vocation
555 282 663 324 pour
681 270 786 311 cela.
806 270 925 319 Aussi
946 269 1114 310 font-ils
1133 282 1214 323 peu
1235 270 1287 310 de
1307 270 1425 319 fruit,
1449 274 1490 310 et
1510 272 1686 312 traitant

122 340 163 381 la
183 340 322 391 parole
341 339 392 380 de
407 337 513 378 Dieu
532 334 658 376 d'une
678 335 866 381 muniere
885 335 1036 375 inutile
1055 338 1099 375 et
1117 334 1421 385 inconsideree,
1443 334 1494 374 113
1526 336 1685 389 l’expo-

122 408 216 446 sent
233 407 258 446 ὲ,
277 405 319 445 la
336 404 440 444 11366
459 405 501 442 et
518 413 572 442 au
592 400 763 453 mepris.
786 401 882 440 Plut
900 402 925 440 a
944 400 1048 441 Dieu
1070 412 1151 452 que
1171 400 1230 439 les
1249 399 1534 452 predicateurs
1565 405 1608 441 et
1626 401 1687 442 163

121 469 399 525 predicatione
417 467 578 508 fussent
597 466 731 506 moins
763 465 1015 513 abondants‚
1038 466 1142 505 mais
1172 465 1266 517 plus
1297 464 1485 505 efficaces
1518 469 1560 505 et
1591 466 1687 518 plus

122 536 320 582 fervente,
338 532 460 574 fruits
481 531 531 571 de
558 531 600 571 la
619 531 796 572 lumiere
827 533 869 571 et
897 530 948 570 de
977 530 1152 583 l’esprit,
1174 530 1376 570 eclairant
1402 530 1461 570 les
1481 532 1595 570 ames
1614 531 1687 571 des

121 600 334 642 auditeurs
352 600 395 638 et
412 599 636 637 emouvant
655 596 715 636 les
734 596 889 636 coeursl
913 596 983 644 Or,
1007 607 1186 648 presque
1207 595 1411 646 toujours,
1435 607 1480 635 ce
1501 599 1596 636 sont
1610 595 1684 636 des

121 664 394 708 declaratione
411 666 454 703 et
473 663 545 703 des
564 674 660 702 sons
680 662 752 714 qui
773 662 970 714 frappent
984 660 1091 700 l'air.
1106 661 1212 701 Jean
1227 661 1430 700 demeura
1444 660 1686 713 longtemps

121 730 222 772 assis
241 742 294 771 au
314 727 717 780 desert‚s'occupant
735 728 807 768 des
818 727 962 767 choses
976 725 1447 776 divinos,s'instruisant
1468 726 1685 767 lui-meme

120 797 243 837 avant
263 793 503 834 d'instruire
534 793 594 832 les
622 795 778 842 autres,
799 792 1020 832 attendant
1052 791 1093 831 la
1124 791 1300 831 lumiere
1330 794 1372 830 et
1392 791 1432 830 la
1452 790 1595 844 parole
1629 790 1684 831 du

56 879 70 886 -
99 859 326 915 [Seigneur
346 858 418 911 qui
437 857 495 898 lui
524 856 809 897 commandait
838 862 967 897 avant
986 856 1038 897 de
1057 869 1100 896 se
1120 856 1247 904 lever,
1273 862 1504 907 mangeant
1526 856 1563 895 le
1583 855 1680 909 pain

119 923 169 966 de
188 924 228 965 la
247 923 424 964 (16111661-
443 926 485 963 61
504 922 554 963 de
577 922 617 962 la
637 922 856 974 penitence
877 923 1005 961 avant
1025 921 1076 961 de
1096 921 1137 960 la
1158 923 1375 973 [116366161-
1397 924 1438 960 61
1457 921 1507 960 de
1523 920 1561 960 la
1576 932 1686 961 1616-

117 1001 191 1043 pre
210 1001 294 1030 aux
315 991 470 1029 autres.

171 1055 293 1096 veile
311 1054 348 1094 16
368 1054 532 1094 modele
554 1065 637 1106 que
657 1053 829 1094 doivent
848 1052 988 1092 imiter
1007 1052 1066 1092 163
1085 1051 1370 1104 predicateurs
1390 1051 1441 1091 de
1467 1051 1508 1090 la
1540 1052 1685 1104 parole

118 1119 170 1160 de
188 1119 310 1160 Dieu.
335 1120 423 1167 Que
443 1131 549 1159 ceux
569 1119 641 1171 qui
667 1118 979 1158 ambitionnent
1011 1129 1077 1156 ees
1108 1117 1317 1156 fonctions
1349 1118 1544 1156 ecouteut
1577 1117 1687 1157 saint

119 1185 318 1238 Gregoire
338 1185 430 1224 leur
449 1184 538 1224 dire
561 1197 571 1223 :
598 1198 617 1222 α
638 1184 671 1224 11
692 1184 783 1223 faut
802 1183 957 1223 avertir
977 1194 1082 1222 ceux
1103 1194 1184 1234 que
1204 1182 1295 1221 leur
1328 1182 1618 1234 imperfectiori
1641 1184 1684 1223 et

117 1248 209 1290 leur
228 1251 307 1302 age
328 1251 513 1289 ecartent
533 1249 583 1290 de
605 1248 755 1288 l’oftice
776 1248 826 1288 de
848 1247 1128 1300 predicantem,
1148 1259 1241 1287 vers
1255 1245 1393 1300 lequel
1407 1247 1465 1287 les
1482 1247 1685 1300 precipite

117 1314 210 1355 leur
228 1315 493 1368 impatience,
506 1327 588 1367 que
607 1315 666 1354 les
685 1314 810 1366 petits
830 1314 902 1353 des
922 1313 1109 1361 oiseaux,
1128 1312 1212 1352 s'ils
1232 1313 1403 1352 veulent
1418 1312 1534 1351 voler
1555 1315 1684 1352 avant

115 1378 157 1420 16
175 1379 355 1432 complet
374 1379 720 1432 developpement
749 1380 801 1419 de
831 1377 942 1418 leurs
973 1378 1090 1426 ailes,
1114 1381 1208 1416 sont
1234 1376 1456 1429 precipites
1489 1377 1592 1416 dans
1621 1378 1682 1417 les

116 1444 329 1485 bas-fonds
347 1445 398 1485 de
417 1445 456 1484 la
475 1445 655 1484 hauteur
674 1446 728 1483 οὺ
748 1444 798 1482 113
817 1446 892 1483 ont
910 1443 1037 1482 voulu
1057 1442 1233 1494 prendre
1254 1441 1345 1481 lcur
1371 1454 1487 1481 essor
1507 1453 1601 1482 vers
1621 1441 1682 1482 les

115 1509 331 1549 hauteurs.
355 1510 388 1549 Il
406 1509 497 1549 faut
515 1509 607 1549 leur
627 1510 715 1548 dire
734 1520 818 1561 que
850 1508 910 1548 les
941 1507 1247 1547 constructions
1281 1507 1495 1547 nouvelles
1528 1507 1603 1559 qui
1630 1519 1685 1548 ne

115 1577 211 1614 sont
230 1586 303 1626 pas
321 1585 469 1614 encore
487 1574 726 1621 solidifiees,
746 1574 782 1612 si
803 1585 857 1612 on
880 1572 971 1613 leur
990 1585 1216 1625 superpose
1245 1585 1299 1612 uu
1332 1572 1450 1625 poids
1478 1572 1530 1612 de
1561 1572 1684 1614 char-

114 1642 256 1692 pente,
277 1638 531 1679 constituent
551 1650 634 1678 une
654 1638 776 1678 ruine
807 1641 849 1678 et
881 1650 966 1677 non
996 1650 1079 1678 une
1114 1638 1367 1678 habitation.
1401 1638 1434 1678 ll
1467 1638 1560 1684 faut
1591 1639 1684 1678 leur

117 1703 205 1745 dire
225 1716 306 1756 que
326 1704 384 1744 163
403 1704 540 1752 foetus,
560 1706 632 1743 nes
651 1706 778 1743 avant
797 1703 834 1743 16
856 1707 1002 1756 temps,
1025 1703 1290 1756 remplissent
1314 1703 1374 1743 les
1395 1702 1622 1742 tombeaux
1641 1704 1685 1743 el:

116 1780 202 1809 non
220 1781 294 1822 pas
313 1769 372 1809 les
392 1769 575 1809 maisons
593 1767 723 1821 (Past.
742 1781 786 1821 p.
808 1779 870 1816 111,
893 1766 952 1808 cli.
976 1768 1060 1821 20.)
1083 1783 1101 1806 η
1126 1770 1182 1808 Le
1202 1768 1339 1808 meme
1358 1769 1463 1807 Pere
1482 1768 1684 1820 explique

118 1833 222 1874 dans
240 1846 299 1874 un
317 1845 411 1874 sens
430 1834 562 1874 moral
591 1834 632 1891 le
662 1836 778 1874 texte
800 1846 809 1872 :
831 1847 850 1871 «
870 1834 985 1874 Vous
1017 1845 1068 1873 ue
1099 1833 1341 1873 labourerez
1360 1833 1481 1885 point
1511 1844 1611 1873 avec
1641 1832 1684 1873 lo

119 1990 207 2034 tis,»
227 1995 265 2026 ut
285 1990 448 2037 loquitur
468 1990 677 2038 Apostolus.
700 1991 803 2037 Opus
823 1995 877 2026 631

117 2038 164 2074 ad
185 2037 222 2074 id
242 2038 390 2084 spiritu,
412 2048 506 2085 opus
526 2042 581 2074 est
600 2043 635 2074 61
658 2038 752 2075 1666.
771 2038 877 2074 Multi

120 2085 333 2129 mittuntur,
355 2086 466 2122 etiam
485 2096 530 2122 ex
552 2085 755 2122 Ordinibus
776 2086 878 2122 Reli-

116 2132 248 2180 glosis,
269 2134 332 2179 qui
354 2144 424 2170 666
444 2133 490 2170 ad
511 2133 548 2169 id
571 2133 708 2169 habent
737 2133 876 2175 lucem,

117 2189 189 2217 nec
221 2180 409 2226 spiritum,
444 2191 515 2218 nec
548 2181 810 2222 vocationem;
843 2185 877 2216 et

117 2227 202 2264 ideo
239 2227 414 2274 exiguum
454 2221 623 2265 fructum*
658 2228 813 2271 faciunt,
843 2233 877 2264 et

117 2274 273 2312 verbum
291 2276 358 2312 Dei
377 2275 559 2312 inutiliter
579 2281 614 2312 et
639 2275 878 2322 imcomposi-

118 2325 155 2359 te
184 2326 399 2367 tractantes,
427 2323 519 2360 risui
551 2323 776 2377 quandoque
809 2333 877 2359 ex-

116 2373 266 2423 ponunt
285 2374 322 2406 et
340 2374 587 2417 contemptui.
611 2371 761 2408 Utinam
782 2381 877 2417 pau-

121 2425 239 2470 616163
257 2423 381 2454 633661
399 2419 691 2455 concionatores
710 2423 745 2454 61
777 2419 877 2454 Con-

117 2464 876 2511 cinnes,sedefficacioresetferventiores,

120 2519 143 2546 a
162 2509 245 2547 luce
262 2515 302 2565 et
315 2513 448 2559 spiritu
462 2514 705 2560 prodeuntes,
725 2513 877 2550 audito-

118 2565 207 2594 rum
242 2567 388 2597 ammos
422 2560 655 2598 illustrantes
692 2565 728 2597 et
765 2561 878 2598 corda

82 2610 91 2617 ·
118 2609 422 2651 .commoventes;
448 2612 487 2644 at
517 2608 613 2651 fere,
646 2608 687 2644 fit
725 2612 766 2644 ut
804 2608 877 2645 sint

118 2651 235 2688 modo
253 2651 556 2700 declamationes,
576 2661 611 2693 et
638 2655 722 2692 soni
752 2666 877 2692 aerem

123 2697 372 2752 verberantes.
403 2701 567 2739 loannes
604 2703 669 2740 diu
707 2703 803 2739 sedit
837 2703 878 2739 in

125 2744 326 2798 solitudine
356 2747 491 2786 divinis
527 2760 678 2794 vacans,
710 2750 876 2797 seipsum

124 2801 230 2838 prius
249 2793 388 2831 docens
430 2805 518 2834 uam
535 2797 644 2841 alios,
665 2798 791 2834 lucem
817 2806 875 2834 ex-

122 2843 277 2885 pectans
296 2844 332 2877 et
349 2851 412 2878 ver
438 2852 503 2882 um
530 2843 680 2882 Domini
707 2844 877 2892 jubentis

123 2889 324 2934 antequam
344 2894 521 2936 surgeret,
541 2893 776 2930 manducans
806 2903 876 2939 pa-

120 2942 213 2971 nem
248 2934 389 2973 doloris
418 2939 454 2974 et
487 2939 732 2988 poinitentiale,
765 2944 875 2980 ante-

917 2000 1030 2073 36616
1051 1990 1159 2025 illum
1180 1988 1266 2026 aliis
1286 1992 1512 2035 proponeret
1534 1992 1569 2023 61
1589 1988 1682 2024 divi-

943 2042 1034 2074 eret.

966 2086 1042 2121 1166
1074 2083 1269 2119 imitentur
1302 2082 1403 2118 verbi
1442 2082 1506 2117 Dei
1535 2091 1682 2127 praeco-

917 2143 997 2168 nes.
1020 2133 1065 2167 Et
1085 2130 1149 2176 qui
1171 2131 1241 2167 hoc
1272 2140 1370 2167 onus
1402 2129 1590 2172 ambiunt,
1610 2138 1682 2166 au-

916 2180 1020 2215 diant
1042 2178 1443 2224 sanctumGregoriunt
1466 2177 1505 2212 in
1528 2176 1624 2212 Past.
1640 2187 1681 2222 p.

917 2239 970 2263 m.
994 2237 1027 2263 c.
1043 2238 1102 2264 xx.
1123 2242 1136 2258 «
1161 2225 1398 2262 Admonendi
1413 2228 1500 2260 sunt
1520 2233 1614 2270 quos
1633 2223 1681 2261 ab

916 2274 1045 2311 officio
1078 2273 1357 2320 przetlicationis
1391 2271 1627 2318 imperfectio
1644 2275 1682 2308 et

916 2327 1005 2358 aetas
1055 2321 1215 2363 rohibet,
1233 2325 1271 2357 et
1292 2326 1418 2356 lamen
1435 2317 1682 2365 praecipitatio

917 2369 1090 2416 impetit,
1111 2369 1210 2415 quod
1243 2368 1339 2415 pulli
1370 2367 1496 2403 avium
1530 2366 1560 2402 si
1593 2370 1682 2403 ante

917 2427 1128 2465 pennarum
1143 2416 1415 2463 perfectionem
1430 2414 1555 2450 volare
1569 2423 1682 2467 appe·

918 2469 1014 2508 tunt,
1036 2464 1137 2501 unde
1157 2465 1211 2500 irc
1232 2464 1271 2500 in
1303 2463 1376 2499 alta
1396 2462 1570 2507 cupiunt,
1592 2461 1682 2498 inde

916 2513 957 2548 in
977 2512 1054 2548 ima
1074 2516 1294 2557 merguntur
1317 2521 1324 2546 :
1348 2509 1521 2556 quodque
1554 2513 1680 2546 struc-

917 2560 1009 2597 turis
1047 2559 1260 2596 recentibus
1298 2558 1461 2594 necdum
1494 2555 1679 2601 solidatis,

916 2608 947 2644 si
980 2608 1169 2653 tignorum
1209 2605 1357 2652 pondus
1395 2604 1678 2650 superponitur,

916 2666 994 2692 non
1016 2653 1290 2695 habitaculum,
1312 2652 1375 2688 sed
1393 2651 1503 2688 ruina
1521 2650 1680 2688 fabrica-

919 2706 976 2738 tur
994 2719 1002 2745 ;
1025 2702 1198 2748 quodque
1217 2703 1410 2746 conceplae
1448 2698 1574 2745 proles
1592 2702 1681 2734 ante

916 2754 1063 2796 tempus
1083 2754 1195 2791 flatze,
1217 2757 1296 2784 non
1315 2747 1448 2783 domos
1471 2746 1534 2782 sed
1556 2750 1681 2782 tumu-

916 2797 971 2833 los
1004 2796 1162 2842 replent.
1188 2809 1202 2828 n
1227 2795 1332 2831 Idem
1352 2794 1454 2830 hom.
1479 2805 1502 2829 l.
1524 2794 1565 2830 16
1586 2793 1680 2830 Eze-

915 2843 1028 2881 chiel.
1050 2843 1098 2879 ad
1116 2843 1215 2878 hanc
1235 2852 1315 2879 rem
1335 2841 1528 2878 moraliter
1555 2839 1680 2888 expli-

914 2896 972 2928 cat
997 2890 1092 2927 illud
1114 2900 1123 2927 :
1149 2904 1162 2922 α
1199 2889 1284 2928 Non
1316 2888 1440 2925 arabis
1467 2888 1511 2925 in
1541 2888 1678 2935 primo-

913 2938 1040 2988 genito
1066 2937 1186 2975 bovis.
1205 2952 1219 2971 1·
1243 2935 1543 2984 Primogenitum
1573 2935 1679 2974 bovis
