1858 3184
570 192 644 224 us
669 191 842 223 81118885
868 191 923 224 nn
950 193 1002 224 u
1030 192 1315 225 emnemun.
1648 188 1732 230 701

158 276 218 315 les
234 275 524 315 mouvements
541 271 723 312 illicites.
746 273 867 312 Deux
885 271 1050 314 d'entre
1067 283 1150 313 eux
1170 285 1277 314 nous
1296 274 1487 316 donnent
1500 287 1615 317 assez
1634 288 1729 319 sou·

157 343 258 382 vent
273 338 332 380 du
350 337 474 391 repit,
495 337 601 378 81815
618 336 661 377 la
678 337 895 379 troisieme
914 349 968 379 ne
988 350 1102 379 cesse
1117 338 1273 390 Jamais
1291 339 1343 380 de
1362 341 1550 382 souffler.
1580 341 1616 383 11
1634 342 1729 385 faut

157 405 266 446 done
282 406 481 457 protegor
501 402 623 443 l’ame
642 414 744 443 avec
762 403 822 442 les
842 403 954 444 deux
975 404 1112 444 mains
1143 404 1200 444 du
1231 417 1348 444 eoeur
1379 411 1420 446 et
1439 407 1497 446 du
1517 419 1652 461 corpe,
1673 407 1729 451 de

156 480 263 523 pour
281 468 434 522 qu’elle
463 468 666 519 s’eteigne
697 472 741 508 et
771 468 858 509 dise
890 482 991 510 avec
1022 470 1060 510 le
1093 470 1302 523 Propheta
1326 484 1335 510 ε
1363 485 1382 508 «
1409 473 1507 512 Mon
1540 474 1635 514 ame
1665 477 1730 516 est

155 534 348 587 toujours
378 536 498 574 entre
528 544 616 573 mes
649 534 801 573 mains.
828 550 846 571 n
881 535 1100 575 Preferous
1131 535 1276 575 bruler
1307 548 1388 589 que
1421 538 1557 578 ceder.
1587 539 1654 588 Et,
1675 539 1730 582 de

156 600 295 640 meme
313 610 397 652 que
418 610 522 638 nous
541 598 780 638 n’ouhlions
799 611 873 651 pes
893 600 1134 640 facilement
1152 613 1198 640 ce
1221 613 1303 654 que
1334 614 1442 641 nous
1472 606 1624 644 tenone
1642 603 1668 645 8
1686 605 1731 646 la.

155 664 288 713 main,
311 663 421 704 aussi
457 662 694 703 n'oublions
721 664 876 716 jamais
916 665 1091 706 l'affaire
1129 666 1182 706 de
1218 678 1294 706 nos
1331 667 1460 707 emes.
1484 682 1503 706 8
1538 691 1586 698 -
1608 669 1731 711 νοίὶὰ

155 729 365 783 pourquoi
385 728 424 768 le
443 728 584 779 cierge
604 740 710 768 nous
742 733 805 769 est
836 730 973 770 donne
993 733 1016 770 a
1037 732 1140 770 trois
1174 732 1365 784 reprises,
1389 732 1474 772 asin
1507 746 1589 787 que
1622 748 1730 777 nous

155 806 289 846 ayone
308 793 499 846 toujours
519 794 610 833 soin
632 793 682 833 de
703 794 744 833 18
765 795 957 835 lumiere.
981 796 1178 845 D'abord,
1196 809 1248 836 au
1270 798 1487 849 Bapteme,
1510 800 1653 852 quand
1672 813 1728 842 on

155 871 263 899 nous
282 858 344 898 dit
366 872 374 898 :
401 874 421 895 ι(
442 859 625 898 Recevez
645 871 690 898 ce
711 859 852 912 cierge
873 860 1045 910 8118188,
1071 862 1226 912 gat-dez
1247 875 1343 902 sans
1375 864 1577 915 reproche
1609 869 1730 908 votro

155 925 371 976 Bapteme‚
392 923 477 963 afin
517 935 612 975 que,
635 924 804 976 lorsque
842 926 880 964 18
912 926 1119 976 Seigueur
1152 926 1328 967 viendra
1360 940 1468 980 pour
1499 930 1558 969 les
1588 942 1727 982 noces,

154 1001 258 1029 vous
277 989 456 1042 puissiez
475 988 581 1028 aller
603 989 827 1030 au-devant
846 990 898 1030 de
918 991 976 1030 lui
992 991 1094 1030 dans
1114 992 1154 1031 la
1172 1004 1274 1032 cour
1292 994 1442 1034 celeste
1462 997 1504 1034 et
1524 1007 1607 1047 que
1626 1008 1731 1038 vous

154 1054 370 1108 possediez
387 1054 429 1094 la
447 1054 514 1094 vie
534 1054 752 1094 eternellc.
776 1070 794 1093 n
826 1056 1016 1106 Ensuite,
1039 1057 1202 1109 chaque
1236 1060 1387 1108 88888,
1411 1060 1447 1099 18
1476 1059 1575 1112 jour
1605 1061 1657 1102 de
1688 1061 1730 1103 18

155 1119 428 1160 Purification
449 1119 502 1159 de
522 1118 563 1159 18
585 1120 886 1171 vierge-Mere.
910 1121 995 1161 afin
1029 1122 1127 1174 qu’a
1159 1123 1379 1163 l'oocasion
1411 1125 1463 1164 de
1497 1130 1606 1166 cette
1626 1127 1727 1178 sete,

155 1197 262 1225 nous
283 1184 489 1224 ratifiions
509 1184 550 1224 la
569 1196 780 1237 promesse
801 1186 903 1226 faite
924 1199 976 1226 en
998 1190 1119 1227 notre
1141 1200 1240 1228 nom
1262 1201 1338 1240 par
1369 1202 1445 1229 805
1476 1191 1668 1242 parrains
1685 1195 1732 1233 et

156 1261 238 1303 que
258 1261 362 1289 nous
382 1261 488 1288 8085
508 1249 682 1289 offrions
702 1253 992 1291 nous-memes
1013 1254 1038 1292 8
1057 1253 1178 1293 Jesus
1198 1254 1271 1305 qui
1290 1254 1430 1294 s'offre
1464 1256 1575 1296 alors
1608 1259 1634 1297 8
1652 1270 1728 1299 son

154 1315 275 1356 Pero.
306 1314 444 1362 Enfin,
479 1317 504 1353 8
535 1320 654 1354 notre
686 1316 856 1366 agonie,
892 1318 976 1356 8118
1018 1330 1100 1370 que
1138 1331 1242 1358 nous
1277 1321 1531 1371 protestions
1565 1322 1731 1364 vouloir

154 1379 270 1420 vivre
289 1382 332 1420 81
350 1379 512 1419 mourir
531 1379 634 1419 (1885
655 1379 695 1419 la
715 1380 773 1420 foi
798 1385 839 1420 et
858 1381 899 1421 la
919 1382 1096 1422 lumiere
1116 1384 1167 1423 de
1192 1384 1469 1425 usus-Christ
1501 1399 1643 1439 reeues
1673 1400 1730 1429 au

154 1445 373 1497 Bepteme.

207 1511 251 1550 3⁰
270 1510 326 1550 Le
344 1509 484 1561 cierge
505 1521 586 1562 que
608 1510 688 1549 l’on
711 1516 831 1562 porte
856 1512 1127 1563 aujourd'hui
1149 1513 1305 1555 allume
1325 1520 1387 1555 est
1406 1516 1444 1555 18
1470 1517 1660 1569 symbolo
1677 1518 1731 1558 do

153 1574 378 1615 l'honneur
420 1575 613 1626 supreme
650 1587 732 1627 que
777 1589 884 1616 nous
921 1578 1103 1617 rendons
1134 1581 1159 1618 a
1189 1580 1209 1619 J
1216 1581 1494 1630 esus-Christ,
1537 1583 1730 1634 symbolo

151 1639 266 1680 aussi
283 1638 335 1680 de
354 1641 475 1678 notre
485 1638 572 1690 joie
585 1641 837 1691 spirituelle.
852 1641 1074 1683 L'histoire
1088 1644 1401 1686 eti'ectivement
1421 1659 1527 1687 nous
1541 1649 1730 1700 apprend

154 1703 432 1759 qu'autrefois
451 1716 506 1743 on
528 1705 683 1756 portait
705 1705 859 1746 devant
882 1706 941 1747 les
958 1708 1044 1747 rois
1063 1713 1106 1748 et
1138 1710 1197 1748 185
1227 1722 1470 1763 empereurs
1502 1713 1575 1752 des
1605 1713 1728 1754 flam-

153 1769 293 1811 heeux
312 1771 354 1809 et
371 1768 444 1810 des
462 1768 620 1822 lempes
641 1782 695 1810 88
714 1771 942 1811 l'honneur
963 1773 1014 1813 de
1035 1773 1127 1813 leur
1147 1776 1321 1826 maJeste
1341 1780 1384 1815 et
1402 1777 1491 1816 cela
1521 1789 1726 1820 non-seu-

153 1834 315 1876 lement
332 1834 432 1874 chez
450 1835 510 1875 les
532 1836 739 1884 Romaius,
764 1837 868 1876 mais
904 1850 1055 1878 encore
1087 1839 1188 1878 chez
1216 1840 1277 1879 les
1309 1842 1467 1890 Perses,
1494 1842 1551 1882 185
1583 1843 1730 1885 Ethio-

153 1899 275 1953 piens
306 1902 348 1939 81
380 1898 439 1939 185
471 1899 716 1940 Ghalcteens.
740 1902 926 1941 Suetone
950 1902 1041 1955 (Ve'e
1060 1902 1107 1944 de
1136 1903 1245 1944 Jules
1277 1904 1413 1957 Cesar,
1435 1906 1496 1946 cll.
1527 1907 1612 1961 27.)
1633 1908 1728 1950 dit:

155 1994 1728 2015 -—-—-—-——-——

156 2056 236 2089 1818
275 2051 484 2089 moliuntur
521 2053 766 2099 extinguere;
799 2054 924 2091 insus-

155 2102 293 2137 ssantes
329 2099 516 2136 desideria
562 2111 688 2146 prava,
727 2106 925 2148 motusque

155 2146 327 2184 illicitos.
349 2147 405 2184 Ex
426 2146 563 2193 quibus
584 2148 671 2185 licet
690 2149 765 2186 duo
788 2151 924 2196 saepius

155 2194 428 2240 intermittant,
450 2206 471 2231 8
492 2195 601 2232 tertio
621 2206 830 2244 numquam
861 2199 924 2234 in—

155 2242 294 2279 duciae.
316 2242 404 2279 Ideo
426 2242 620 2286 utriusque
639 2245 818 2281 manibus
838 2256 924 2282 cor-

155 2289 218 2327 dis
237 2294 274 2326 81
305 2290 475 2336 corporis
505 2291 634 2328 anima
668 2293 826 2337 tegenda
853 2298 923 2337 est,

155 2346 210 2375 118
227 2337 358 2374 181888
378 2337 460 2383 8385
480 2339 735 2385 extinguatur,
747 2343 783 2376 et
797 2341 926 2377 dicen-

156 2384 251 2421 dum
282 2395 371 2422 cum
405 2384 591 2431 Propheta
614 2398 621 2423 z
649 2402 662 2418 «
686 2388 822 2424 Anima
842 2399 926 2425 mea

155 2431 202 2468 in
232 2431 408 2469 manibus
440 2434 535 2470 meis
575 2445 736 2480 semper.
757 2450 771 2467 ι»
795 2436 922 2483 Eliga-

156 2488 246 2515 mus
264 2479 388 2525 potius
405 2480 551 2526 ardere,
573 2492 686 2528 quam
711 2483 857 2520 cedere.
882 2484 925 2519 Et

158 2526 256 2563 51881
288 2527 387 2572 quod
417 2529 594 2566 manibus
634 2535 819 2574 tenemus,
847 2542 926 2568 non

159 2572 274 2610 facile
310 2572 592 2620 obliviscimur3
619 2578 673 2614 518
710 2579 926 2615 animarum

157 2624 377 2658 nostrarum
396 2625 590 2669 negotium
611 2636 820 2671 numquam
833 2625 925 2662 obli-

157 2667 362 2705 viscamur.
387 2683 402 2703 »
424 2670 509 2708 Haec
547 2673 768 2709 Bernardus.
798 2675 926 2720 Itaque

158 2714 272 2751 tertio
286 2715 398 2753 nobis
417 2727 548 2755 cereus
569 2721 739 2765 traditur,
756 2726 796 2757 ut
815 2721 926 2757 nobis

160 2771 311 2808 semper
342 2773 444 2802 curae
475 2765 524 2802 sit
554 2766 697 2804 lumen.
722 2770 766 2804 In
795 2769 928 2814 primis

161 2809 315 2854 quidem
353 2812 394 2848 in
428 2813 631 2859 Baptism0‚
653 2816 717 2852 ubi
755 2816 924 2852 dicitur:

166 2869 182 2888 α
203 2856 342 2903 Accipe
361 2858 575 2906 lampadem
599 2863 810 2907 ardentem,
831 2864 927 2900 irre—

160 2903 430 2949 prehensibilis
493 2910 639 2946 custodi
696 2911 928 2958 Baptismum

162 2953 286 3005 tuum,
309 2955 350 2988 81
373 2963 462 2991 8881
494 2955 676 2994 Dominus
709 2959 854 2996 venerit
881 2959 928 2995 ad

160 3003 329 3047 nuptias,
347 3002 485 3050 possis,
505 3002 540 3040 ei
559 3013 756 3045 occurrere
780 3007 824 3045 in
842 3006 930 3044 aula

964 2056 1121 2100 coelesti‚
1143 2058 1355 2105 habeasque
1375 2060 1488 2096 vitam
1508 2066 1725 2099 aeternam.»

967 2105 1108 2141 Deinde
1167 2107 1345 2143 80188815
1382 2107 1424 2143 18
1462 2108 1733 2149 Purificatione

965 2152 1128 2198 Virginis
1186 2154 1291 2198 atris,
1313 2158 1354 2191 ut
1385 2155 1424 2191 in
1456 2166 1497 2192 ea
1530 2156 1731 2196 festivitate

964 2201 1209 2245 sponsionem
1238 2202 1395 2238 nomine
1425 2207 1553 2240 nostro
1572 2215 1595 2240 a
1614 2205 1730 2243 Patri·

964 2248 1024 2284 nis
1043 2248 1180 2285 factam
1200 2249 1445 2296 ratificamus,
1466 2255 1502 2287 et
1515 2251 1603 2288 Jesu
1630 2252 1732 2291 Patri

964 2306 1045 2331 sese
1078 2300 1169 2333 1888
1189 2296 1378 2342 offerenti,
1397 2308 1468 2335 nos
1500 2299 1614 2336 811881
1633 2299 1730 2338 offe·

964 2352 1103 2379 ramuS.
1129 2344 1298 2391 Denique
1336 2345 1376 2382 in
1413 2347 1550 2392 agonia
1578 2348 1729 2392 mortis,

964 2395 1003 2426 ut
1034 2395 1285 2436 protestemur
1316 2403 1387 2430 nos
1415 2394 1538 2431 vivere
1562 2399 1599 2431 et
1631 2395 1734 2432 mori

965 2438 1004 2474 in
1025 2438 1098 2474 tide
1129 2443 1165 2475 81
1197 2439 1343 2476 lumine
1373 2441 1461 2477 Iesu
1493 2441 1632 2479 Christi
1662 2453 1730 2490 per

965 2486 1196 2532 Baptismum
1217 2492 1384 2534 accepta.

1009 2534 1045 2569 3.
1069 2535 1204 2571 Cereus
1224 2536 1288 2581 qui
1310 2535 1493 2572 hodierna
1512 2536 1573 2573 die
1603 2541 1728 2583 gesta-

964 2585 1024 2617 tur
1043 2591 1241 2626 accensus,
1264 2583 1479 2628 symbolum
1510 2589 1566 2620 est
1593 2594 1728 2631 supre-

965 2628 1017 2664 mi
1038 2639 1150 2674 quem
1171 2630 1318 2666 Christo
1337 2631 1544 2668 deferimus
1558 2632 1728 2678 honoris,

965 2676 1180 2721 symbolum
1219 2678 1332 2714 ctiam
1368 2689 1415 2714 ex
1452 2684 1556 2725 parte
1600 2684 1733 2717 nostra

967 2723 1104 2760 taetitiae
1123 2724 1341 2770 spiritualis.
1363 2726 1459 2763 Nam
1495 2727 1589 2764 olim
1616 2727 1730 2774 Regi-

967 2770 1036 2807 bus
1073 2775 1108 2807 et
1146 2772 1440 2818 Imperator-ihus
1486 2774 1527 2811 in
1577 2774 1731 2822 signum

967 2818 1170 2864 Majestatis
1188 2820 1287 2856 faces
1307 2825 1343 2857 81
1368 2821 1561 2867 lampades
1580 2822 1732 2869 praefer·

967 2866 997 2901 ri
1018 2867 1161 2911 solitas,
1182 2872 1329 2904 constat
1360 2878 1406 2905 ex
1440 2869 1627 2915 Historiis,
1647 2880 1730 2908 non

967 2913 1091 2950 solum
1127 2915 1228 2960 apud
1267 2916 1473 2960 Romanos,
1513 2917 1580 2954 sed
1616 2918 1733 2955 etiam

967 2961 1066 3006 apud
1105 2961 1250 3006 Persas,
1289 2963 1495 3010 AEthiopes,
1517 2964 1728 3003 Chaldaeos.

969 3008 1075 3046 Unde
1093 3009 1309 3058 suetonius,
1329 3021 1364 3049 8.
1397 3022 1512 3059 xxvii,
1544 3012 1631 3050 vitae
1658 3013 1731 3062 Juf
