1858 3184
823 190 944 221 nont.

1589 182 1674 228 sn

102 283 220 325 geue
238 271 471 325 &tempere
484 269 755 314 616311011163
772 268 933 322 choses,
954 268 1006 310 de
1026 278 1133 322 pem·
1162 280 1244 322 que
1276 282 1382 310 nous
1414 284 1467 312 66
1487 272 1671 315 fassione

99 336 301 389 amgles
318 346 498 389 pei-une
514 337 613 387 tmp
632 333 727 375 vive
745 333 927 374 lumiere
958 336 1001 375 61
1032 333 1084 374 de
1114 335 1304 376 16661616
1334 337 1359 375 a
1390 349 1436 376 66
1462 350 1544 390 que
1565 350 1673 380 6066

99 401 280 443 fussions
298 400 526 449 illumines,
546 398 752 450 conduits,
774 400 971 451 proteges
989 410 1068 452 par
1085 398 1224 440 l'eclnt
1237 400 1288 441 de
1302 400 1345 441 16
1367 401 1543 443 divinite
1562 405 1674 446 voile

101 478 198 507 sous
215 466 276 507 les
295 465 459 506 ombres
477 464 529 504 de
549 467 670 504 60116
691 463 822 503 611611.
1640 514 1643 517 y

153 533 268 574 Vous
286 530 391 571 donc
408 529 534 579 aussi,
556 528 700 570 eclairs
731 533 769 568 et
796 540 960 581 nuaqes,
985 528 1152 571 benissez
1183 528 1220 570 le
1252 529 1466 584 Seiqneum
1494 533 1672 586 puisque

99 597 142 638 16
157 598 268 638 nuee
287 595 340 636 de
359 593 606 635 l'humunite
626 606 780 634 couvre
794 593 895 634 d'un
915 595 1130 635 vetement
1148 595 1186 635 le
1206 595 1277 635 feu
1297 595 1470 637 brillant
1489 598 1541 638 de
1562 597 1672 638 l’hu-

98 660 274 703 menite.
295 659 414 703 Voici
449 670 503 699 66
535 658 635 700 61161
667 671 748 712 que
778 659 819 700 le
851 658 1061 711 Seigneur
1097 674 1117 699 α
1149 665 1292 701 monte
1330 673 1403 701 sur
1439 674 1525 702 une
1563 665 1673 704 nuee

97 725 254 779 legere,
275 727 318 766 61
335 728 455 765 entre
474 736 525 764 en
545 725 728 777 Egypte,
741 723 878 778 (Isai'e.
900 735 988 774 x1x,
1011 724 1091 778 i.)»
1108 724 1210 765 dens
1230 730 1351 766 notre
1372 728 1538 780 Egypte
1555 729 1672 768 tene-

97 791 261 841 breme,
282 802 389 843 pour
407 801 460 830 en
482 789 658 842 dissipet
676 790 737 831 les
755 790 950 830 tenebres
970 802 1026 830 au
1046 802 1200 843 moyen
1222 791 1273 831 de
1294 791 1333 830 la
1354 791 1532 833 iumiere
1560 793 1612 833 de
1630 793 1674 833 16

98 854 272 899 divinite
291 854 363 908 qui
382 854 503 896 brille
523 867 687 895 comme
706 868 764 895 un
785 854 913 895 eclair
931 857 956 895 e
976 858 1136 895 travers
1156 856 1196 896 16
1216 857 1333 896 611611
1353 857 1455 910 qu'il
1488 870 1513 898 6
1542 859 1671 911 prise.

98 919 260 963 Enlairs
279 925 317 960 et
333 932 496 972 nuaqes,
521 919 687 962 bem'ssez
719 920 753 960 le
784 919 993 973 Sez‘qneur‚
1015 933 1138 973 parce
1170 934 1251 974 que
1283 934 1385 962 vous
1416 923 1543 963 devez
1575 935 1670 964 eoo-

95 986 218 1039 perer
235 987 262 1026 ὁ,
278 997 341 1026 363
362 986 566 1037 mystercs
585 985 691 1026 (1663
710 986 749 1026 16
780 986 998 1039 Bupteme‚
1020 986 1062 1025 la
1093 987 1459 1039 Transfiguration
1491 992 1532 1028 et
1564 989 1670 1029 l'As-

99 1061 288 1092 cension.

153 1118 194 1158 2·
213 1117 357 1157 Pomm.
379 1138 432 1144 ——
453 1115 535 1165 Que
554 1115 595 1155 la
615 1122 718 1156 terre
739 1115 883 1155 benisse
903 1116 938 1156 le
958 1115 1168 1169 Seaeyaezeur,
1184 1129 1308 1169 parce
1324 1130 1404 1170 que
1425 1120 1547 1158 notre
1562 1122 1674 1158 terre

100 1192 125 1220 6
143 1180 286 1222 donne
317 1192 393 1221 306
426 1181 545 1231 fruit,
566 1181 646 1221 6116
678 1181 774 1220 3’631
804 1187 976 1221 euvei-te
1007 1186 1050 1222 et
1077 1195 1103 1222 a
1137 1184 1281 1234 germe
1312 1187 1432 1223 notre
1460 1185 1667 1224 Sauveur.

100 1245 260 1293 Qu’elle
278 1245 442 1287 benisse
461 1246 500 1286 16
521 1246 731 1298 seigneur
749 1249 856 1286 cette
878 1250 988 1287 terre
1009 1247 1082 1299 qui
1113 1247 1199 1286 doit
1232 1249 1319 1287 etre
1351 1248 1562 1288 3666111166
1596 1261 1673 1301 par

96 1311 138 1351 le
156 1314 322 1350 6061661
341 1311 392 1350 de
413 1323 458 1350 ce
478 1311 595 1350 divin
616 1311 776 1351 Enfunt
794 1312 899 1351 dans
918 1324 991 1351 son
1027 1313 1331 1363 ensentement,
1356 1314 1428 1365 qui
1460 1314 1549 1354 doit
1582 1315 1671 1355 eti-e

98 1377 300 1428 marquee
336 1388 413 1429 par
449 1388 513 1416 ses
549 1376 731 1428 vestiges
773 1379 922 1428 sacres,
962 1377 1036 1429 qui
1075 1378 1164 1417 doit
1199 1379 1287 1417 etre
1332 1381 1550 1419 consacree
1596 1391 1674 1432 par

98 1452 175 1481 306
194 1452 315 1493 sung,
332 1441 406 1494 qui
426 1441 517 1481 doit
535 1442 623 1481 etre
643 1453 696 1481 66
718 1441 899 1494 quelque
919 1446 1029 1482 sorte
1050 1442 1197 1482 (leit‘zee
1216 1455 1294 1495 par
1313 1443 1351 1483 le
1372 1444 1575 1496 sepulcre.

152 1505 387 1559 Montaynes
406 1513 443 1547 et
460 1506 632 1555 collines,
660 1506 825 1547 ὀέηιζςεεε
847 1507 882 1547 le
901 1507 1112 1560 Seiqneur,
1137 1520 1262 1560 parce
1284 1509 1385 1560 qu'il
1414 1509 1544 1558 vient,
1567 1509 1672 1549 bon-

100 1570 261 1611 dissant
279 1583 351 1611 sur
370 1572 429 1612 les
449 1576 718 1623 montagnes,
739 1575 908 1624 pussant
927 1573 1171 1625 par-dessus
1203 1573 1262 1613 163
1292 1574 1477 1624 60111663,
1502 1577 1674 1627 pai-tant

98 1636 150 1677 de
169 1636 377 1677 Nazareth
396 1649 504 1689 pour
535 1636 769 1684 Bethleem,
793 1637 1010 1677 benissent
1044 1637 1102 1678 les
1135 1643 1389 1691 montagnes
1422 1643 1464 1679 et
1496 1640 1555 1680 les
1586 1640 1672 1679 col-

94 1700 216 1751 lines,
236 1701 344 1742 ainsi
363 1714 444 1755 que
464 1704 559 1741 tous
579 1702 638 1741 les
660 1713 841 1753 germes.
864 1704 898 1743 Ο
920 1706 1171 1755 1606163663
1203 1707 1245 1744 61
1273 1705 1461 1755 60111663,
1483 1705 1673 1745 benissez

96 1764 139 1807 16
156 1766 373 1807 661336666
393 1766 444 1807 de
475 1766 595 1807 Celui
627 1779 709 1818 que
738 1779 842 1806 vous
873 1779 1015 1808 verrez
1048 1768 1134 1808 fuir
1164 1781 1216 1808 66
1248 1771 1428 1822 Egypte‚
1452 1782 1533 1822 que
1566 1781 1672 1809 vous

95 1841 239 1871 verrez
269 1830 362 1883 ptus
391 1831 487 1871 tard
518 1844 590 1871 sur
622 1843 694 1871 vos
728 1835 927 1872 sommets
964 1833 1120 1885 priant,
1143 1835 1412 1885 emeignmt,
1450 1847 1492 1875 se
1530 1839 1675 1875 trans·-

99 1894 304 1947 figurant‚
324 1898 521 1935 montant
540 1908 593 1935 au
614 1896 694 1936 ciel
714 1900 756 1936 et
777 1898 954 1949 eperunt
973 1902 1067 1937 tous
1087 1910 1151 1938 ses
1171 1902 1311 1939 autres
1332 1902 1549 1952 mysteres.

99 2089 161 2127 Sic
181 2088 364 2126 nimirum
384 2090 508 2126 divina
532 2091 716 2136 sapientia
735 2091 867 2127 omnia
905 2097 1031 2139 aperta
1069 2098 1138 2137 631,
1166 2099 1201 2130 61
1239 2096 1461 2140 germinavit
1505 2098 1675 2134 Salvato-

101 2137 335 2184 temperavit,
358 2147 405 2173 ne
432 2142 468 2173 et
488 2137 606 2175 nimia
627 2138 710 2175 luce
742 2149 865 2175 exeae-

101 2194 287 2227 caremui·,
301 2190 337 2220 et
358 2189 483 2222 tamen
497 2185 704 2222 divinitatis
724 2186 868 2233 fulgore

101 2231 236 2270 umbra
255 2232 381 2268 carnis
401 2237 539 2269 nostra}
564 2235 696 2270 vestito
729 2234 867 2270 illumi-

101 2289 292 2322 naremur,
313 2279 552 2324 duceremur,
572 2286 865 2327 protegeremur.

102 2326 198 2374 Ergo
223 2330 261 2363 et
287 2337 365 2371 vos,
390 2339 408 2361 ιι
433 2338 455 2364 0
475 2328 623 2373 fulgura
656 2334 691 2365 et
732 2329 867 2372 nubes,

102 2373 312 2412 benedicite
335 2375 509 2418 Domino,
525 2391 541 2410 »
556 2376 647 2412 dum
661 2377 870 2413 divinitatis

103 2420 231 2468 ignem
250 2421 503 2469 fulgurantem
523 2423 644 2460 nubes
666 2424 771 2460 vestit
794 2424 869 2460 hu-

103 2469 309 2506 manitatis.
331 2469 429 2507 Ecce
449 2470 551 2507 enim
572 2472 754 2507 Dominus
778 2487 791 2503 «ι
814 2482 870 2507 as·

105 2515 233 2552 cendit
258 2525 368 2562 super
404 2517 546 2555 nubem
587 2519 719 2563 levem,
741 2523 778 2556 et
815 2520 869 2555 in-

104 2561 271 2646 greditur
289 2563 488 2610 AEgyptum
512 2581 526 2598 ιι
560 2571 728 2603 nostram
763 2571 870 2603 tene-

133 2619 270 2653 103616,
324 2611 496 2649 tenebras
549 2614 757 2660 fugaturus,
795 2625 871 2660 >per

105 2657 224 2694 rimas
241 2662 446 2703 assumptae
460 2660 585 2698 6611113
608 2662 760 2699 Deitatis
787 2662 871 2698 tuce

104 2703 224 2740 instar
243 2703 402 2750 fulguris
421 2714 652 2746 coruscante.
679 2725 693 2741 a
715 2709 868 2746 Benedi-

106 2750 179 2804 cite
197 2751 400 2805 fulgura-et
417 2753 536 2792 nubes
562 2755 738 2804 Domino,
763 2757 871 2804 »quia

109 2807 192 2844 ejus
208 2800 396 2844 mysteriis
429 2801 517 2841 estis
543 2809 798 2850 cooperatura}
831 2804 871 2841 in

107 2854 188 2891 ejus
249 2845 451 2892 Baptismo,
507 2848 869 2899 Transfiguratione,

105 2892 352 2929 Ascensione.

154 2953 173 2973 ι
195 2938 398 2977 Benedicat
408 2944 506 2978 terra
517 2941 736 2993 Dominum,
754 2961 768 2980 ι
783 2947 873 2994 quia

106 2990 206 3025 terra
237 2991 367 3026 nostra
403 2988 507 3027 dedit
530 2989 705 3035 fructum
741 3004 871 3041 suum,

293 3080 310 3112 1

907 2151 984 2176 rem
1010 2146 1180 2177 nostrum
1204 2152 1212 2178 :
1236 2143 1433 2178 Benedicat
1466 2149 1563 2180 terra
1600 2146 1678 2182 Do·-

909 2188 1069 2230 minum,
1084 2193 1223 2224 attactu
1244 2190 1403 2226 Infantis
1426 2191 1537 2237 hujus
1556 2192 1677 2229 divini

908 2236 947 2270 iu
987 2236 1067 2280 ejus
1113 2241 1219 2282 partu
1267 2238 1554 2277 sanctificanda.
1592 2240 1676 2286 ejus

909 2283 1072 2328 vestigiis
1094 2284 1209 2320 saeris
1229 2284 1575 2332 insignie11‹ia,ejus
1597 2292 1677 2324 tan-

908 2331 993 2366 dem
1032 2331 1217 2374 sanguine
1267 2335 1538 2380 consecranda,
1594 2335 1676 2381 ejus

908 2388 1064 2424 corpore
1096 2379 1136 2415 in
1170 2380 1343 2426 sepulcro
1370 2383 1529 2427 qua-iam
1562 2383 1675 2418 ratius

910 2436 956 2461 ne
976 2425 1201 2462 deificantia.
1239 2442 1251 2458 a
1279 2428 1491 2465 benedicitus
1525 2434 1677 2466 monte·-

908 2477 942 2508 et
964 2473 1080 2509 601163
1114 2474 1289 2519 Domino,
1311 2491 1322 2506 υ
1342 2477 1427 2522 quia
1454 2486 1540 2512 6066
1572 2477 1675 2514 venit

908 2520 1048 2557 saliens
1068 2522 1108 2558 in
1130 2522 1338 2567 montibus,
1362 2524 1580 2561 transiliens
1594 2525 1676 2561 601-

910 2569 978 2610 163,
999 2568 1045 2604 de
1072 2569 1253 2606 Nazareth
1290 2571 1327 2606 in
1362 2571 1551 2607 Bethleem
1585 2583 1677 2618 pro-

909 2616 1100 2661 iiciscens,
1133 2617 1329 2653 montibus
1368 2623 1403 2654 et
1436 2619 1611 2664 6011111113,
1640 2625 1674 2656 61

908 2663 1086 2700 omnibus
1124 2665 1359 2710 germinibus
1395 2666 1477 2710 eius
1517 2666 1677 2704 benedi-

909 2720 1011 2747 cens.
1040 2712 1070 2747 0
1104 2717 1250 2748 montes
1276 2719 1311 2748 et
1350 2713 1480 2758 601163,
1514 2713 1675 2752 benedi-

909 2759 983 2796 cite
1012 2758 1119 2795 illum
1149 2759 1228 2805 jam
1267 2763 1414 2804 natum,
1435 2772 1547 2807 quem
1587 2773 1676 2799 mox

909 2805 1082 2841 videbitis
1103 2817 1169 2852 per
1183 2817 1247 2842 vos
1263 2807 1469 2853 fugientem
1487 2809 1527 2845 in
1542 2810 1679 2864 AEgyp-

911 2858 1147 2899 tum‚postea
1183 2854 1357 2891 videbitis
1395 2856 1435 2892 in
1474 2857 1678 2894 verticibus

911 2900 1055 2944 vestris,
1085 2905 1270 2948 orantem,
1303 2902 1517 2948 docentem,
1550 2909 1679 2942 trans-

911 2948 1138 2994 figurantem
1157 2958 1211 2995 se,
1240 2951 1524 2996 ascendentem,
1545 2956 1582 2989 et
1600 2952 1679 2990 alia.

912 3005 979 3032 sua
1010 2995 1190 3043 mysteria
1213 3002 1451 3044 operantem.
1477 3012 1493 3032 ι
1515 2999 1679 3038 Benedi-

1436 3085 1486 3125 33
