1858 3184
225 168 280 207 58
647 176 695 206 m
725 174 931 206 RATIONAI.
957 175 1031 206 DES
1053 166 1375 207 *Pnssmcxrnmts

225 255 348 295 infini
369 259 412 294 et
429 255 604 305 eternel,
627 257 670 295 et
688 267 812 304 nouS,
836 267 942 295 nous
959 266 1139 295 sommes
1152 255 1282 296 aimes
1307 267 1358 296 en
1376 254 1452 306 lui,
1474 253 1524 295 ils
1542 266 1597 295 ne
1615 255 1796 310 plaisent

226 333 309 372 que
331 331 406 372 par
424 318 485 359 lui
506 332 611 360 ceux
632 320 704 373 qui
725 320 904 372 plaisent
921 332 977 360 eu
997 321 1100 360 Pere
1123 334 1132 360 :
1157 336 1176 357 α
1200 320 1376 361 Celui-ei
1397 323 1459 361 est
1478 332 1578 360 mon
1597 319 1663 360 fils
1680 319 1795 361 bien·

226 384 352 436 aime,
375 397 427 424 en
447 385 521 437 qui
535 384 612 438 j'ai
631 386 712 425 mis
730 388 869 426 toutes
888 397 976 425 mes
996 385 1338 439 complaisanees.
1363 402 1383 423 a
1398 385 1504 426 D'ou
1524 389 1630 426 cette
1649 385 1794 439 parole

226 449 279 491 de
298 450 409 491 saint
427 451 615 492 Bernard
637 463 646 490 :
672 466 691 487 α
714 452 770 491 Le
789 463 905 491 coeur
924 451 975 491 de
994 451 1099 491 Dieu
1131 451 1171 491 le
1201 453 1305 492 Pere
1335 463 1483 491 envers
1511 463 1618 491 nous
1649 454 1711 490 est
1736 450 1793 491 tel

227 526 310 569 que
329 527 436 555 nous
455 515 510 556 l'a
530 517 696 556 mentre
716 516 824 556 celui
844 516 919 568 qui
937 512 1114 568 procede
1134 516 1190 556 du
1209 528 1325 556 eoeur
1344 516 1400 556 du
1420 518 1536 556 Pere.
1558 532 1576 553 n
1593 515 1792 566 Ailleurs,

223 579 256 620 il
275 580 339 622 dit
357 593 510 621 encore
533 594 542 620 ε
569 596 588 617 α
610 582 669 622 La
688 593 855 633 sagesse
881 581 936 620 du
969 593 1084 621 eoeur
1115 581 1306 633 paternel
1322 584 1384 622 est
1401 581 1440 621 le
1461 581 1564 620 fruit
1583 580 1682 620 d'un
1703 580 1795 620 sein

225 633 426 699 ‘virginah
446 659 466 683 ι)

276 714 320 751 4⁰
340 711 478 760 Enfin,
500 723 554 750 on
575 711 636 751 dit
657 711 758 763 qu'il
779 712 957 764 procede
978 711 1030 751 de
1048 711 1090 751 18
1108 711 1271 752 bouche
1290 711 1347 751 du
1360 712 1605 760 Tres-Haut,
1629 721 1793 750 comme

224 777 402 828 Sagesse
421 779 463 817 et
481 776 617 817 Verbe
637 776 693 816 du
714 778 831 817 Pere.
854 778 912 816 De
933 777 973 816 la
992 777 1108 816 vient
1140 776 1241 829 qu'il
1275 776 1334 815 dit
1367 789 1420 816 en
1454 776 1619 828 parlant
1638 775 1689 815 de
1710 775 1790 815 lui-

219 842 360 882 meme
382 855 392 882 ε
420 842 508 882 «·.18
528 841 614 881 suis
633 842 735 881 sorti
755 842 805 882 de
825 842 865 881 la
884 842 1046 882 bouehe
1077 842 1132 881 du
1165 842 1451 882 Tres-Haut..1
1457 853 1479 880 e
1493 841 1579 880 suis
1592 842 1645 880 ne
1665 842 1796 880 avant

217 909 356 947 tontes
374 906 434 947 les
452 906 986 959 ereatures.(E'cclt'.xxx1v,
999 906 1120 960 3.)»11
1140 907 1316 959 procede
1337 906 1388 946 de
1406 909 1524 946 toute
1543 905 1721 946 eternite
1740 905 1791 946 de

219 983 297 1012 son
315 973 419 1012 Pere
439 984 603 1012 comme
622 971 773 1023 Verbe,
796 976 838 1012 et
857 984 963 1024 pour
982 973 1021 1012 le
1041 974 1143 1013 Pere
1168 984 1220 1012 en
1227 971 1408 1024 gendrer
1428 983 1501 1011 son
1520 971 1604 1011 Fils
1623 983 1669 1011 ce
1688 969 1793 1012 n’est

218 1049 294 1090 pas
313 1041 433 1077 autre
452 1037 575 1077 chose
610 1049 690 1089 quc
711 1036 762 1077 de
783 1037 871 1077 dire
892 1050 967 1077 son
989 1038 1140 1088 Verbe,
1162 1050 1208 1078 ce
1234 1037 1369 1078 Verbe
1389 1037 1440 1077 de
1460 1036 1534 1090 qui
1551 1037 1582 1076 il
1600 1048 1627 1077 a
1644 1037 1712 1077 ete
1731 1035 1795 1076 dit
1818 1041 1821 1043 ’

219 1113 273 1143 en
304 1103 416 1142 saint
434 1103 539 1143 Jean
565 1116 574 1142 ε
599 1118 618 1138 α
641 1104 707 1142 Αιι
737 1107 1096 1143 commencement
1124 1103 1227 1142 etait
1257 1102 1297 1143 le
1329 1102 1481 1154 Verbe,
1513 1106 1555 1142 et
1585 1102 1624 1142 le
1656 1101 1794 1144 Verbe

219 1167 325 1208 etait
344 1179 396 1207 en
417 1168 539 1216 Dieu‚
561 1170 602 1207 et
620 1167 660 1207 le
681 1167 815 1208 Verbe
835 1169 937 1207 etait
954 1168 1073 1208 Dieu.
1094 1184 1113 1205 x>
1135 1167 1266 1220 (Jean.
1289 1179 1319 1217 1,
1342 1166 1398 1221 1.)
1419 1172 1461 1207 et
1485 1179 1636 1208 encore
1660 1181 1669 1208 z
1696 1181 1716 1205 «
1735 1168 1791 1207 Le

219 1232 358 1274 Verbe
378 1232 474 1273 s'est
495 1232 570 1272 fait
589 1232 720 1272 chair.
745 1247 764 1270 »
790 1232 895 1272 Dieu
927 1245 952 1272 8
985 1233 1094 1273 donc
1125 1234 1243 1285 parle
1263 1245 1347 1272 une
1366 1232 1445 1272 fois
1463 1233 1514 1273 de
1535 1235 1650 1273 toute
1680 1233 1791 1272 eier-

221 1297 328 1347 nite„
361 1297 607 1350 produisant
626 1309 672 1337 ee
692 1297 850 1350 Verbe;
879 1298 983 1337 mais
1016 1298 1046 1337 il
1078 1298 1192 1350 parle
1222 1298 1334 1338 aussi
1365 1298 1416 1338 de
1446 1300 1563 1338 toute
1595 1297 1790 1343 (sternite,

216 1374 344 1415 parce
365 1362 468 1416 qu'il
486 1362 656 1415 produit
675 1374 747 1402 son
765 1362 902 1404 'Verbe
923 1363 973 1403 de
994 1366 1109 1403 toute
1129 1364 1320 1414 eteruite²
1333 1365 1449 1404 Cette
1473 1362 1720 1416 production
1739 1374 1791 1402 ne

215 1439 337 1481 passe
373 1440 462 1480 ρ85,
496 1428 575 1468 8118
607 1428 714 1468 n'est
746 1428 866 1480 point
897 1441 951 1468 au
983 1429 1172 1480 preterit,
1195 1429 1276 1469 elle
1297 1429 1495 1469 demeare
1520 1427 1711 1482 toujours
1738 1439 1791 1468 en

216 1493 340 1534 Dieu.
367 1495 475 1533 Pour
494 1493 570 1544 lui,
591 1493 689 1533 c'est
708 1493 749 1532 18
769 1494 904 1534 meme
925 1493 1047 1533 chose
1067 1489 1307 1546 eugendi-er
1343 1499 1386 1534 et
1417 1495 1535 1534 avoir
1553 1493 1786 1546 engendre‚

216 1557 357 1611 parler
376 1563 418 1598 et
437 1558 555 1598 avoir
574 1557 706 1611 parle.

271 1623 387 1671 Mais,
424 1635 469 1663 ce
502 1623 637 1663 Verbe
669 1624 831 1664 eternel
869 1627 911 1663 et
942 1623 1160 1674 interieur‚
1196 1623 1234 1664 18
1267 1625 1370 1664 Pere
1402 1638 1427 1663 a
1458 1623 1587 1663 voulu
1618 1623 1722 1664 dans
1752 1624 1792 1664 le

217 1691 352 1741 temps
373 1689 412 1728 le
432 1689 588 1729 revetir
607 1689 732 1728 d'une
753 1689 885 1739 cheir,
908 1689 991 1733 afin
1013 1689 1063 1729 de
1084 1684 1190 1729 nous
1220 1690 1360 1741 parler
1390 1702 1467 1742 per
1499 1689 1537 1730 le
1569 1689 1704 1730 Verbe
1722 1689 1788 1728 in-

218 1756 361 1804 carne,
386 1766 470 1794 non
492 1754 586 1807 plus
604 1754 730 1795 d'une
751 1755 892 1807 parole
914 1754 1141 1795 interieure
1162 1760 1203 1795 et
1222 1755 1497 1804 immanente,
1532 1766 1693 1794 comme
1725 1754 1788 1794 di-

217 1823 311 1860 sent
328 1819 388 1859 les
407 1819 807 1871 theologiens‚meis
821 1819 945 1859 d’une
966 1821 1109 1872 parole
1129 1820 1379 1869 exterieure,
1399 1832 1505 1860 nous
1518 1820 1791 1860 manifestant

217 1896 264 1925 sa
283 1885 466 1932 volente,
491 1896 598 1924 nous
617 1885 863 1925 conduisant
883 1887 908 1924 a
929 1885 968 1924 la
987 1885 1283 1926 connaissance
1303 1885 1353 1925 de
1373 1898 1417 1925 sa
1437 1885 1610 1925 divinite
1621 1888 1664 1925 ct
1676 1883 1788 1926 enfin

218 1961 325 1990 nous
347 1953 521 1990 menant
540 1952 565 1989 a
584 1949 625 1989 18
645 1949 938 2002 participation
958 1950 1008 1990 de
1029 1963 1073 1990 sa
1096 1951 1228 2002 gleire
1248 1951 1463 1991 eternelle.

215 2125 268 2162 De
289 2126 368 2172 ipso
389 2137 477 2169 ergo
496 2125 587 2162 dieit
606 2127 642 2163 S.
668 2127 842 2164 Burnum.
863 2144 875 2158 «ι
908 2128 979 2164 Τει-

213 2172 250 2210 le
269 2178 325 2210 est
343 2183 408 2210 cur
430 2173 493 2210 Dei
516 2173 632 2210 Patris
652 2185 738 2221 erga
764 2186 846 2219 nos,
874 2175 982 2222 quate

213 2220 327 2258 nobis
359 2222 555 2269 expressit,
576 2222 639 2268 qui
659 2223 705 2258 «tc
729 2222 844 2258 Patris
870 2223 981 2259 corde

213 2268 410 2316 processit.
455 2285 467 2300 u
513 2270 554 2306 Et
593 2270 730 2306 iterum
761 2270 851 2307 aiibi
884 2271 937 2306 nit
971 2281 978 2307 :

217 2330 231 2348 α
267 2316 458 2363 Sapientia
487 2318 634 2371 paterni
674 2317 813 2360 cordis,
837 2318 980 2355 fruetus

212 2368 269 2401 est
291 2364 384 2401 uteri
405 2364 609 2410 virginalis.
636 2380 648 2397 a
674 2365 708 2401 4.
735 2365 900 2412 Denique
920 2366 979 2402 di-

213 2410 311 2449 citur
331 2423 374 2448 cx
396 2421 460 2449 ore
488 2412 664 2448 Attisstmi
696 2413 859 2459 prodire,
883 2419 978 2449 tinn-

212 2468 326 2543 ffiumn
359 2458 547 2506 sapientia
582 2465 617 2495 ct
658 2459 816 2496 Verbum
848 2461 975 2497 Patris.

248 2507 320 2542 nde
341 2508 386 2542 de
407 2518 445 2544 se
467 2507 520 2544 sie
541 2507 590 2544 uit
614 2518 621 2544 :
644 2521 657 2538 ι
684 2508 758 2550 Ιῦκυ
779 2519 822 2543 ex
845 2520 908 2545 ore
925 2509 980 2544 ΑΙ-

213 2553 350 2590 tissimi
396 2555 555 2601 prodivi,
600 2555 847 2602 primogenita
893 2561 978 2592 antu

211 2610 366 2638 omnum
399 2608 622 2639 creaturam.
649 2618 661 2635 n
689 2602 830 2650 Nempe
863 2603 978 2639 instat·

211 2646 322 2686 Verbi
344 2649 391 2684 ab
411 2655 552 2687 intorno
572 2662 593 2687 a
617 2650 719 2688 Patre
740 2661 807 2687 suo
834 2661 977 2696 prm-,cs-

212 2694 261 2733 sit
292 2706 300 2733 :
337 2696 491 2733 Putrem
513 2708 556 2733 uc
589 2709 766 2742 generare
799 2698 917 2734 titium
941 2698 976 2734 in

211 2742 353 2780 divinis
375 2754 448 2780 non
470 2757 488 2779 u
510 2746 569 2781 iud
592 2751 662 2790 cst.
683 2756 794 2793 quain
819 2744 976 2782 Verbum

212 2801 324 2828 suum
344 2791 468 2828 dicere
487 2809 494 2834 ς
519 2793 609 2829 iltuit
626 2806 633 2827 ‹
653 2793 776 2830 uidem
801 2792 978 2836 Verbum,

211 2837 259 2875 de
305 2848 352 2875 uo
371 2839 563 2876 luminosi.
591 2856 603 2871 ·
657 2852 678 2877 n
696 2841 815 2888 princi
832 2841 882 2877 ›io
902 2847 974 2877 crat

213 2884 284 2922 Ver
301 2896 393 2933 turn,
406 2891 441 2923 et
464 2886 623 2923 Verbum
640 2893 714 2924 crat
731 2899 803 2936 upu
848 2889 978 2932 Deum,

212 2936 248 2969 et
281 2933 377 2970 Deus
409 2938 487 2971 erat
522 2933 695 2972 Verbum.
723 2952 735 2970 ι»
770 2936 913 2973 necue
944 2941 979 2973 et

213 2978 338 3017 subdit
366 2993 372 3017 :
405 2998 417 3012 ·
450 2981 491 3018 Et
527 2981 686 3020 Verbum
719 2994 806 3021 earo
853 2989 978 3021 actum

1021 2133 1088 2165 est.
1115 2145 1129 2162 υ
1166 2129 1287 2165 Scine!
1322 2140 1409 2175 ergo
1437 2129 1483 2166 ab
1517 2134 1658 2166 aeterno
1689 2129 1788 2166 iocu-

1022 2181 1080 2212 tus
1110 2181 1165 2212 cst
1199 2178 1308 2220 Deus,
1342 2177 1555 2223 producens
1589 2175 1659 2214 hoe
1695 2176 1788 2214 Ver-

1023 2223 1110 2260 bum
1135 2235 1141 2259 :
1166 2225 1227 2260 sed
1263 2230 1298 2259 et
1330 2225 1366 2260 in
1401 2230 1584 2262 arternum
1607 2224 1786 2271 loquitur,

1019 2273 1107 2317 quia
1156 2271 1327 2318 producit
1379 2271 1540 2309 verbum
1586 2282 1696 2309 suum
1747 2271 1788 2308 in

1019 2324 1215 2355 aeternum.
1229 2320 1266 2355 Et
1292 2320 1489 2366 productio
1506 2321 1570 2357 itta
1592 2330 1669 2357 uon
1690 2324 1789 2357 tran-

1019 2366 1079 2410 sit,
1101 2371 1164 2403 aut
1186 2367 1363 2413 przrtcrit,
1385 2368 1448 2404 sed
1482 2378 1629 2415 semper
1651 2368 1690 2405 in
1714 2367 1788 2404 Deo

1020 2419 1158 2450 uiuunt.
1186 2414 1360 2460 {deinque
1387 2420 1438 2451 est
1464 2415 1502 2452 in
1530 2416 1611 2462 ipso
1631 2415 1787 2462 gignere

1019 2467 1051 2498 ct
1074 2461 1264 2506 genuisse,
1288 2462 1389 2509 toqui
1410 2467 1445 2499 et
1467 2463 1635 2500 locutum
1655 2472 1750 2499 esse.

1067 2511 1106 2545 At
1131 2509 1291 2546 Verbum
1308 2509 1404 2546 istud
1428 2516 1611 2547 aeternum
1626 2509 1788 2547 etinter·

1022 2567 1110 2593 num
1127 2557 1230 2593 Pater
1246 2557 1282 2593 in
1301 2562 1468 2604 tempore
1487 2558 1651 2595 exterius
1671 2556 1788 2594 votuit

1018 2615 1130 2641 ‹mrne
1146 2605 1336 2647 vcstirc,ut
1350 2616 1413 2651 per
1426 2605 1516 2643 iliud
1531 2604 1724 2651 nobisjam
1737 2604 1787 2641 lo·

1017 2658 1207 2697 «lineretur,
1229 2663 1303 2688 nen
1329 2652 1517 2689 locutione
1550 2653 1594 2689 nd
1622 2652 1722 2690 intra
1752 2657 1788 2689 et

1020 2700 1263 2738 iininnnente.
1288 2704 1322 2736 ut
1355 2700 1559 2747 loquuntur
1589 2699 1786 2747 'l'heologi‚

1018 2747 1079 2783 sed
1122 2747 1312 2784 locutione
1343 2747 1387 2782 :ut
1418 2753 1522 2784 extra
1555 2748 1786 2785 veluntatem

1018 2805 1122 2831 suam
1138 2795 1247 2831 nobis
1268 2795 1595 2838 untur-winetmar]
1614 2796 1782 2831 ιιιιιιιίυη

1018 2842 1312 2879 suzedivinitutis
1329 2854 1396 2878 nos
1410 2843 1571 2880 «lucente
1583 2848 1612 2878 ot
1634 2845 1783 2880 intudem

1017 2891 1129 2926 etiam
1174 2889 1218 2926 nd
1266 2889 1591 2937 participationem
1637 2895 1785 2927 aeterna:

1018 2947 1095 2973 unse
1111 2936 1241 2982 gloriae
1261 2938 1501 2984 perducente.
1524 2939 1609 2975 ideo
1630 2949 1718 2986 ergo
1737 2938 1783 2975 ad

1020 2984 1181 3022 Verbum
1203 2984 1297 3022 ittud
1313 2984 1538 3032 increatum,
1559 2987 1603 3023 ad
1626 2986 1784 3033 Sapien-
