1858 3184
191 161 280 204 ¹124
620 168 670 199 m
698 167 905 200 amoma
931 168 1007 199 nsss
1035 159 1357 200 naemu-ranas.

248 247 366 290 Ainsi
383 249 433 288 fit
464 249 598 297 Anne,
616 248 659 288 la
687 250 803 289 mere
834 248 886 288 de
919 247 1107 299 Samuel,
1130 249 1253 300 apres
1285 247 1406 287 avoir
1435 247 1591 288 obtenu
1611 251 1678 290 eet
1696 261 1774 292 en-

196 314 367 420 salz-mi
385 379 434 419 fit
452 378 668 429 Ezechias,
692 380 814 430 apres
835 378 953 418 avoir
972 378 1133 418 obtenu
1153 377 1193 418 16
1211 377 1393 418 bienfait
1411 378 1463 418 de
1482 379 1526 418 la
1544 378 1778 432 prolonga-

194 445 285 486 tion
304 445 356 485 de
377 456 423 484 sa
439 443 523 484 vie.

248 509 369 551 Ainsi
386 509 435 549 fit
452 508 597 560 Tobie,
618 510 739 561 apres
759 507 877 549 avoir
896 511 1099 549 recouvre
1120 508 1161 548 16
1182 508 1360 549 lumiere
1380 508 1431 549 de
1451 521 1515 549 ses
1533 521 1664 562 yeux.

248 575 368 616 Ainsi
385 575 434 614 fit
450 575 472 615 J
477 574 613 623 udith,
631 576 750 626 apres
771 574 889 614 avoir
909 574 1097 626 decapite
1117 574 1406 626 Holopherne.

247 640 368 682 Ainsi
387 638 513 680 firent
531 639 592 679 les
611 639 780 679 enfants
799 639 905 679 dans
924 639 966 679 la
986 639 1198 679 fournaise
1218 639 1268 679 de
1288 638 1521 691 Babylone.

248 705 381 754 Ainsi‚
405 705 534 753 enfin,
569 704 673 744 dans
708 705 748 744 16
786 705 1274 753 Nouveau-Testament,
1314 703 1362 743 fit
1393 704 1537 753 Marie,
1577 706 1700 757 apres
1731 703 1777 746 16
1835 718 1847 723 ·

185 771 422 828 ,6616161106
441 770 492 810 de
513 782 557 809 sa
576 769 746 809 cousine
767 769 983 810 Elisabeth
1004 772 1045 809 61
1064 769 1281 818 Zacharie,
1305 769 1448 822 quand
1467 769 1498 809 il
1517 773 1592 812 eut
1620 782 1770 811 recou-

190 838 265 878 Vre
283 836 326 876 la
344 835 443 875 voix
463 835 584 887 apres
603 834 645 874 la
663 835 879 875 naissance
899 835 950 875 de
969 836 991 876 J
997 834 1298 887 ean-Baptiste.

245 901 355 943 C’est
387 901 495 940 donc
531 902 557 940 6
599 899 841 939 l’imitation
881 900 933 940 de
970 902 1065 939 tous
1102 912 1168 940 ces
1206 899 1337 939 saints
1375 911 1659 952 personnages
1691 912 1775 953 que

189 967 362 1008 Simeon
393 968 577 1007 entonne
609 977 655 1005 66
687 965 886 1018 cautique
914 977 1014 1005 avec
1045 967 1163 1005 toute
1194 965 1423 1005 l'affection
1455 965 1505 1005 (16
1535 977 1612 1005 566
1639 977 1771 1006 coeur.

189 1033 257 1082 Et,
278 1044 403 1085 parce
442 1043 523 1084 que
554 1042 621 1071 ces
653 1030 756 1070 trois
786 1030 1008 1082 eantiques
1045 1030 1096 1070 de
1135 1029 1351 1080 Zacharie,
1375 1030 1427 1070 66
1465 1030 1596 1071 Marie
1634 1033 1676 1070 et
1714 1030 1768 1072 de

189 1097 361 1139 Simeon
391 1097 654 1137 renferment
688 1096 990 1148 specialement
1020 1096 1092 1135 des
1123 1095 1327 1147 louanges
1359 1098 1402 1136 et
1436 1108 1517 1135 une
1548 1096 1688 1136 aetion
1719 1096 1773 1137 (16

191 1163 338 1216 graees
365 1174 472 1214 pour
503 1161 797 1201 l’incarnation
829 1161 886 1201 du
922 1160 988 1200 fils
1019 1160 1071 1201 de
1103 1160 1225 1211 Dieu,
1257 1173 1313 1200 on
1346 1161 1406 1201 les
1435 1162 1578 1214 repete
1608 1161 1774 1214 chaque

184 1228 289 1281 jour
308 1228 413 1268 dans
432 1227 620 1280 l'Eglise.

244 1294 308 1335 On
329 1293 482 1333 chante
502 1292 610 1332 celui
630 1292 682 1332 66
703 1292 875 1332 Simeon
895 1303 966 1331 sur
985 1291 1026 1332 16
1047 1291 1147 1342 seir,
1163 1291 1249 1331 afin
1270 1291 1321 1331 de
1354 1292 1459 1332 faire
1490 1292 1770 1343 comprendre

189 1361 215 1399 6
233 1359 397 1411 chaque
416 1358 538 1398 fidele
559 1357 665 1410 qu’il
684 1357 772 1397 doit
791 1369 934 1410 passer
953 1357 992 1396 16
1007 1356 1122 1409 jour,
1145 1368 1306 1397 comme
1328 1356 1363 1396 si
1382 1356 1423 1396 la
1443 1360 1554 1397 mort
1568 1356 1606 1397 16
1622 1368 1766 1398 mena-

189 1424 274 1476 qait
305 1427 413 1464 cette
451 1423 561 1463 nuit.
597 1424 675 1463 Des
706 1422 806 1473 lors,
829 1422 990 1462 chacun
1022 1422 1111 1461 doit
1147 1421 1355 1470 61166616,
1390 1434 1472 1462 non
1508 1422 1630 1474 point
1666 1422 1772 1463 dans

188 1488 401 1538 l'anxiete,
426 1488 531 1528 mais
552 1487 658 1527 dans
679 1487 720 1527 la
735 1487 823 1540 joie
843 1487 894 1527 de
915 1487 955 1527 la
975 1486 1231 1537 conscience,
1255 1486 1293 1526 16
1314 1487 1519 1535 sommeil,
1542 1487 1685 1539 image
1715 1486 1770 1528 de

188 1554 231 1595 16
248 1556 361 1594 mort
381 1553 484 1606 qu'il
503 1553 640 1593 arrive
660 1555 840 1593 souvent
858 1553 910 1592 de
931 1556 1102 1592 trouver
1123 1564 1177 1592 au
1196 1551 1300 1592 bout
1320 1552 1377 1592 du
1396 1552 1606 1592 sommeil.
1628 1552 1663 1592 Il
1676 1551 1771 1593 faut

187 1619 390 1673 pourvoir
410 1620 436 1658 ὲ,
452 1630 498 1658 66
517 1629 601 1670 (166
620 1617 661 1657 16
681 1621 792 1658 mort
811 1618 893 1657 soit
912 1630 1019 1670 pour
1039 1630 1146 1657 nous
1166 1629 1250 1657 une
1270 1618 1397 1658 sortie
1411 1618 1462 1657 de
1487 1620 1594 1658 cette
1618 1616 1765 1670 prison

188 1676 284 1725 vers
304 1684 344 1724 le
362 1695 486 1736 repos
506 1686 549 1723 et
566 1682 609 1723 la
628 1683 726 1735 paix
747 1682 962 1731 eternelle,
986 1687 1026 1722 61
1046 1682 1153 1722 61651
1173 1682 1334 1722 chacun
1355 1682 1444 1722 doit
1464 1682 1639 1722 chanter
1664 1692 1768 1723 avec

188 1750 362 1792 Simeon
385 1762 394 1789 :
423 1765 442 1786 «
464 1748 745 1798 Maintenant,
778 1748 1002 1799 Seigneur‚
1026 1760 1129 1787 vous
1160 1759 1382 1787 renverrez
1401 1749 1520 1787 votre
1558 1746 1764 1788 servitem·

189 1827 245 1856 en
265 1814 381 1868 paix‚
403 1815 571 1854 suivant
597 1816 716 1854 votre
746 1813 907 1866 parole.
931 1828 951 1849 >›
974 1813 1307 1862 Effectivement,
1332 1813 1494 1865 chaque
1519 1812 1649 1864 juste,
1672 1814 1768 1854 tant

187 1880 292 1935 qu'il
322 1880 382 1920 vit
411 1880 516 1920 dans
546 1891 622 1919 son
654 1891 788 1931 corps,
811 1878 996 1918 soutient
1023 1891 1082 1918 un
1114 1878 1282 1918 eombat
1314 1880 1456 1918 contre
1491 1878 1532 1917 la
1572 1877 1703 1927 chair,
1724 1876 1767 1919 le

187 1946 343 1987 monde
361 1947 404 1985 et
421 1945 566 1985 Satan.
589 1944 693 1985 Mais
716 1944 757 1983 la
776 1946 889 1984 mort
909 1947 972 1984 est
992 1943 1033 1983 la
1054 1944 1113 1983 fin
1135 1944 1187 1984 de
1206 1944 1248 1983 la
1281 1954 1449 1996 guerre,
1472 1943 1552 1983 6116
1585 1945 1767 1996 apporto

185 2010 230 2052 16
246 2010 348 2064 paix
366 2012 408 2051 et
428 2010 465 2050 le
485 2021 621 2062 repos.
646 2009 766 2050 Vona
797 2009 1008 2062 pourquoi
1039 2009 1069 2048 il
1100 2011 1163 2049 est
1188 2008 1249 2048 dit
1286 2010 1311 2048 6
1331 2008 1546 2048 Abraham
1570 2020 1579 2048 :
1607 2025 1627 2045 «
1650 2009 1767 2050 vous

186 2176 293 2228 'prote
331 2176 400 2213 hac
436 2177 645 2232 impetrata.
674 2175 734 2211 Sic
763 2174 953 2222 Ezechias,
995 2178 1181 2218 cantatur,
1204 2179 1243 2210 ut
1269 2174 1454 2221 intelligat
1476 2173 1635 2221 quilibet
1666 2173 1767 2221 fide-9

185 2228 342 2271 accepto
379 2222 564 2260 benetieio
585 2223 631 2260 de
652 2222 736 2260 vitae
756 2233 834 2259 suae
865 2234 955 2269 pro·
996 2222 1042 2259 lis
1061 2222 1115 2259 sie
1134 2221 1235 2259 diem
1268 2221 1385 2258 transi
1399 2222 1566 2268 rendum,
1591 2221 1698 2268 quasi
1717 2231 1765 2262 ea

183 2271 494 2320 longatione.Sie
515 2270 666 2314 Tobias,
682 2270 881 2308 oculorum
904 2282 954 2308 re·
996 2274 1107 2307 66616
1138 2279 1238 2307 mors
1267 2269 1398 2306 incum
1427 2274 1478 2314 at,
1499 2273 1535 2305 61
1567 2268 1651 2306 1660
1683 2279 1766 2311 non

184 2320 294 2368 cepto
327 2319 486 2356 lumine.
508 2319 568 2355 Sie
597 2318 741 2363 suaith,
781 2323 954 2356 truncato
993 2317 1109 2355 anxia
1127 2316 1374 2361 conscicntia,
1397 2316 1461 2354 sed
1485 2316 1583 2360 laeta,
1606 2316 1765 2354 unicui·-

183 2366 402 2406 Eoiot'ernc.
425 2367 485 2403 Sic
520 2366 626 2412 pueri
648 2366 689 2402 in
710 2366 862 2403 fornace
884 2367 953 2403 Ba·
994 2376 1066 2412 que
1085 2364 1339 2412 expectandus
1360 2373 1516 2402 somnus
1536 2364 1642 2410 (16651
1662 2364 1766 2402 1166-

184 2415 209 2453 b
237 2415 363 2453 toniae.
385 2414 568 2468 Denique,
586 2413 641 2450 sic
661 2413 701 2450 in
722 2413 825 2451 Novo
840 2415 953 2451 etiam
993 2424 1038 2459 go
1060 2412 1204 2459 mortis,
1228 2412 1316 2460 quia
1335 2411 1470 2458 etipse
1504 2422 1582 2448 non
1615 2422 1698 2449 raro
1716 2412 1763 2452 in.

181 2426 424 2501 ’111616166610
450 2465 525 2508 egit
558 2461 675 2498 Maria
696 2466 779 2508 post
811 2461 953 2499 saluta-
994 2465 1153 2498 mortem
1192 2460 1364 2504 desinit;
1409 2459 1764 2507 providendumquc

183 2510 326 2549 tionem
349 2508 536 2547 Elisabeth
558 2519 603 2546 co
633 2513 743 2552 natm,
762 2514 797 2545 et
817 2510 953 2546 Zactia-
994 2513 1032 2545 ut
1052 2509 1099 2546 sit
1127 2519 1228 2545 mors
1262 2506 1373 2545 nobis
1392 2506 1565 2553 (16666616
1585 2507 1764 2547 dimissio

181 2558 258 2596 rtas
296 2558 337 2595 in
376 2557 569 2595 nativitato
629 2557 766 2593 oannis
803 2562 953 2603 recepta
992 2567 1036 2593 cx
1060 2556 1131 2594 hoc
1163 2565 1327 2601 carcere,
1347 2554 1394 2591 ad
1421 2555 1587 2608 quietem
1619 2559 1656 2591 61
1689 2565 1764 2602 pa-

182 2615 287 2644 1666.
310 2605 363 2642 Ad
394 2605 529 2642 borum
550 2615 638 2649 ergo
659 2604 833 2641 omnium
862 2605 952 2641 16ιί-
991 2615 1073 2640 cem
1113 2609 1314 2647 mternam,
1353 2606 1390 2638 61
1427 2603 1511 2639 1660
1553 2601 1761 2650 unicuique

181 2654 380 2698 tationem,
400 2652 552 2689 Simeon
578 2652 648 2690 hoc
668 2652 859 2690 canticum
884 2653 951 2689 de-
991 2662 1078 2688 cum
1111 2651 1287 2688 Simeone
1318 2650 1551 2687 cantandum
1574 2661 1581 2686 :
1606 2665 1619 2682 «
1645 2648 1760 2690 Nune

207 2701 320 2739 romit
341 2704 415 2738 tota
432 2699 556 2737 cordis
569 2699 782 2737 affcctione.
800 2700 845 2736 Et
866 2700 951 2747 (1616
990 2699 1150 2736 dimittis
1170 2707 1317 2735 servum
1354 2701 1472 2743 tuum,
1499 2697 1674 2742 Domine,
1695 2707 1762 2735 se-

178 2712 262 2786 gaec
295 2748 364 2785 tria
397 2747 545 2785 cantica
572 2747 777 2792 Zacharias,
809 2747 950 2793 Mariae,
991 2747 1159 2784 cundum
1197 2744 1353 2785 verbum
1391 2749 1498 2781 tuum
1536 2745 1575 2782 in
1613 2755 1757 2800 paee.»

179 2795 384 2841 Simeonis,
416 2795 628 2842 specialiter
664 2795 792 2832 laudes
825 2796 950 2833 60611-
989 2795 1093 2832 Justo
1113 2793 1215 2831 enim
1235 2792 1391 2830 cuilibet
1410 2792 1590 2840 quamdiu
1611 2803 1651 2830 m
1671 2802 1764 2833 eor·-⁴

180 2848 273 2881 nent
318 2848 351 2880 et
398 2843 605 2887 gratiarum
653 2843 842 2880 actionem
883 2854 951 2890 pro
990 2853 1079 2889 pere
1115 2841 1206 2889 agit.
1239 2838 1383 2877 bellum
1422 2840 1611 2888 quoddam
1644 2840 1762 2879 instat

184 2891 268 2928 Filii
291 2891 355 2928 Dei
370 2890 634 2928 incarnatione
664 2890 804 2928 166016
826 2890 951 2928 136616-
989 2900 1077 2927 6616
1116 2890 1253 2934 Carne,
1283 2888 1445 2933 Mundo,
1491 2887 1644 2932 Satana,
1690 2885 1761 2927 sed

181 2938 237 2975 sia
259 2942 479 2986 repetuntur
500 2918 679 2985 (16011616.
990 2948 1091 2974 mors
1111 2935 1198 2973 nnis
1229 2939 1285 2972 ost
1313 2935 1415 2977 belii.
1458 2945 1564 2974 acam
1594 2934 1760 2975 afferens

231 2985 276 3022 Et
296 2985 448 3034 (16166111
476 2985 547 3024 sub
578 2990 729 3026 noctem
762 2985 862 3024 istud
880 2985 948 3024 66-
988 2989 1025 3022 61
1044 2983 1222 3033 quietem.
1241 2983 1328 3022 1660
1342 2983 1439 3022 Abra
1468 2982 1658 3030 aedietum
1671 2986 1760 3027 6613,-
