1858 3184
244 153 326 194 660
666 160 714 190 m
744 158 948 190 nummu
974 159 1048 189 mas
1077 150 1394 190 paemen-emis.

243 241 280 283 si
297 240 384 281 l‘on
404 239 620 280 considere
639 238 680 279 la
699 239 822 279 chose
842 250 944 278 avec
965 237 1024 277 les
1043 249 1158 290 yeux
1177 238 1228 278 de
1247 237 1288 279 la
1307 239 1382 288 foi,
1404 242 1498 279 tout
1515 243 1578 280 est
1595 240 1637 281 Ῑὲ
1655 245 1822 297 magni·

241 307 357 360 fique
377 308 420 345 et
437 304 553 357 plein
572 304 624 345 de
643 306 846 356 mysteres
878 304 1067 343 celestes.
1103 303 1210 344 C’est
1241 304 1347 344 donc
1379 306 1403 343 a
1433 304 1515 344 bon
1546 306 1656 346 droit
1687 309 1815 361 qu'on

240 371 455 426 proclame
474 382 556 423 que
574 372 639 409 cet
656 369 804 409 ensant
823 381 848 408 a
868 371 933 409 ete
954 368 1093 408 exalte
1113 369 1323 409 au-dessus
1343 370 1394 410 de
1415 374 1509 410 tous
1523 371 1582 412 les
1601 373 1684 413 rois
1703 374 1754 415 de
1772 375 1816 416 la

239 440 368 479 terre.

296 505 338 543 1⁰
357 501 554 551 D'abord,
576 500 633 540 du
654 500 742 540 cote
771 499 823 540 de
854 511 899 539 sa
930 501 1061 549 mere,
1096 500 1169 552 qui
1200 499 1356 540 semble
1386 513 1441 541 au
1473 501 1626 549 dehors
1658 505 1740 545 vile
1770 510 1814 547 et

237 580 412 625 pauwe,
435 580 490 607 on
522 566 611 605 voit
635 578 718 605 une
742 565 903 616 grande
930 565 1247 617 magnificence,
1269 566 1303 605 si
1323 565 1406 606 l’on
1426 567 1646 608 considere
1661 570 1817 622 qu’elle

239 637 304 677 est
319 633 465 685 vierge
484 634 525 671 et
544 632 672 670 mere.
695 630 825 670 D’elle
845 635 906 670 est
925 631 1054 670 sortie
1087 643 1250 670 comme
1280 643 1364 671 une
1396 631 1624 685 splendeur
1653 635 1814 677 etince-

238 701 400 743 cela-nte
420 709 466 738 ce
486 696 550 736 fils
570 695 849 748 magnifique,
872 708 967 734 sans
987 695 1027 735 la
1058 696 1243 745 souiller‚
1266 708 1358 735 sans
1391 697 1602 738 diminuer
1633 712 1687 740 en
1718 702 1811 742 rien

237 779 285 808 so,
302 764 449 818 purete
470 765 511 802 et
523 773 574 812 ⁴sa
594 761 806 812 virginite‚
829 760 870 799 la
891 763 1137 799 consecrant
1166 764 1208 800 et
1226 760 1267 800 la
1286 761 1467 801 rendant
1487 764 1811 807 eternellement

236 829 481 872 admirable.
507 826 637 867 A-t-il
652 826 806 878 jamais
825 827 891 865 ete
911 825 1082 865 accorde
1116 827 1141 864 ὲ
1163 838 1218 865 un
1239 826 1303 865 roi
1322 826 1373 866 de
1394 828 1530 868 naitre
1551 829 1674 870 d'une
1694 833 1810 873 mere

234 907 340 950 pure
359 897 402 935 et
419 891 592 943 vierge?
616 888 764 937 Quand
784 890 843 930 les
865 890 946 929 rois
967 890 1167 939 naissent,
1192 891 1282 930 leur
1302 891 1427 931 sortie
1456 892 1512 931 du
1543 893 1632 934 sein
1651 900 1808 937 mater-

235 961 308 1002 nel
326 964 389 1001 est
408 958 546 1011 pleiue
567 956 617 996 de
637 957 823 1005 miseres,
847 956 898 996 de
919 956 1140 995 souillures
1161 960 1202 995 et
1222 956 1272 996 de
1303 956 1461 996 taches.
1483 960 1560 998 Les
1580 960 1733 1012 remes,
1754 974 1808 1002 en

234 1026 459 1067 enfantant
478 1024 536 1062 les
556 1022 655 1071 rois,
678 1022 882 1061 souffrent
902 1021 961 1060 les
981 1021 1197 1073 angoisses
1228 1024 1271 1061 et
1301 1022 1360 1061 les
1393 1021 1590 1062 douleurs
1623 1025 1684 1064 les
1714 1026 1810 1079 plus

233 1094 410 1132 atroces.
445 1089 555 1129 Elles
586 1091 782 1127 meurent
814 1088 951 1126 meme
991 1086 1257 1138 quelquefois
1289 1086 1391 1126 dans
1422 1093 1486 1127 cet
1517 1089 1810 1132 enfantement

232 1156 367 1209 royaI,
390 1167 475 1203 car,
498 1166 602 1193 ceux
624 1151 751 1204 qu’on
772 1151 936 1204 appelle
951 1152 1023 1191 des
1043 1153 1188 1192 Cesars
1208 1151 1400 1192 tiennent
1431 1153 1522 1193 leur
1541 1166 1640 1194 nom
1660 1156 1711 1196 de
1729 1156 1807 1197 l'o·

231 1222 425 1276 peration
447 1219 519 1272 qui
538 1219 615 1258 dut
634 1219 722 1257 etre
743 1217 845 1257 faite
867 1230 920 1256 au
943 1217 1031 1256 sein
1054 1216 1153 1256 d’ou
1182 1217 1332 1270 naquit
1362 1218 1400 1257 le
1432 1219 1616 1270 premier
1646 1220 1808 1263 d’entre

233 1300 331 1329 eux.
353 1288 469 1327 Cette
490 1284 760 1338 prerogative
780 1283 832 1323 de
853 1286 973 1322 notre
996 1282 1073 1321 Roi
1104 1282 1313 1334 pacifique
1345 1286 1408 1322 est
1440 1283 1547 1324 done
1576 1284 1809 1337 singuliere

232 1356 276 1395 et.
294 1351 575 1404 magnifique,
597 1351 622 1388 ὰ
641 1348 793 1398 savoir,
817 1348 868 1387 de
888 1359 939 1387 ne
961 1359 1106 1387 causer
1126 1359 1289 1387 aucune
1309 1347 1486 1388 douleur
1512 1350 1537 1388 ὲ
1558 1362 1602 1389 sa
1630 1352 1744 1392 mere
1764 1355 1807 1393 et

232 1418 285 1459 de
306 1430 359 1458 ne
377 1415 549 1456 souiller
569 1416 851 1454 aucunement
870 1412 1100 1464 l’integrite
1121 1412 1171 1452 de
1200 1425 1245 1451 sa
1275 1415 1422 1465 purete
1454 1413 1677 1465 virginale.
1699 1416 1807 1457 C’est

229 1482 440 1538 pourquoi
460 1479 650 1520 Ezechiel
670 1478 845 1529 designe
878 1481 985 1517 cette
1020 1479 1133 1517 mere
1153 1490 1229 1530 par
1248 1477 1289 1517 la
1321 1481 1440 1530 porte
1471 1479 1733 1533 magnifique
1763 1484 1806 1522 et

230 1547 460 1602 splendide,
485 1546 536 1586 de
568 1543 750 1596 laquelle
783 1543 811 1582 il
845 1547 907 1582 est
940 1543 1042 1582 ecrit
1066 1557 1074 1582 :
1102 1558 1119 1578 α
1145 1544 1260 1582 Cette
1293 1546 1413 1595 porte
1444 1556 1535 1584 sera
1567 1545 1740 1597 fermee,
1762 1549 1805 1586 et

230 1614 311 1656 elle
331 1625 385 1654 ne
404 1624 496 1652 sera
514 1610 635 1663 point
653 1613 840 1657 ouverte‚
862 1607 1063 1647 l’homme
1084 1608 1155 1659 n'y
1175 1619 1343 1659 passere
1363 1608 1494 1659 point,
1519 1621 1642 1661 parce
1662 1622 1743 1663 que
1763 1611 1807 1652 le

231 1680 442 1732 seigneur
461 1677 565 1717 Dieu
580 1689 608 1727 y
622 1678 683 1715 est
697 1675 830 1721 entre,
850 1676 891 1713 et
911 1672 990 1712 elle
1004 1685 1094 1712 sera
1109 1672 1265 1712 fermce
1279 1685 1387 1724 pour
1399 1673 1438 1712 le
1454 1674 1612 1725 prince.
1635 1674 1800 1727 (Ezeck.

229 1756 342 1786 xmv.
366 1745 446 1796 11.)
471 1757 489 1780 η
514 1740 781 1789 Οέεῐ-ὰ-ᾱίτθ,
806 1738 887 1778 elle
907 1750 999 1777 sera
1013 1738 1171 1777 fermee
1187 1749 1238 1777 en
1255 1737 1479 1778 l'honneur
1499 1739 1550 1778 de
1571 1751 1616 1779 ce
1635 1741 1800 1791 Prince,

228 1811 370 1852 meme
388 1809 556 1860 lorsque
576 1806 614 1846 le
634 1805 774 1858 priuce
794 1817 822 1856 y
844 1815 1027 1856 passere,
1050 1807 1092 1842 et
1112 1803 1210 1842 c’est
1243 1803 1452 1855 pourquoi
1484 1803 1563 1843 elle
1602 1817 1696 1845 sera
1725 1817 1801 1859 ap-

227 1875 348 1929 pelee
371 1890 392 1911 «
413 1874 453 1913 la
479 1875 598 1925 porte
630 1872 684 1910 ‹lu
717 1870 875 1923 prince.
899 1884 919 1905 »
956 1870 1086 1917 Donc,
1123 1870 1245 1907 notre
1278 1867 1354 1907 Roi
1385 1880 1410 1907 a
1442 1869 1509 1908 ete
1544 1868 1722 1921 glorifie‚
1744 1870 1801 1911 du

1034 2022 1319 2058 nanciscuntur.
1368 2022 1519 2069 Reginae
1562 2023 1677 2070 Reges
1730 2035 1799 2070 pa—

228 2035 267 2067 οι
285 2029 442 2075 abjecta.
465 2026 533 2062 Sed
555 2025 586 2060 si
607 2024 739 2062 oculos
771 2023 857 2059 lidci
883 2022 995 2059 adhi-
1055 2069 1061 2076 ·

1035 2073 1173 2105 nentes
1203 2070 1396 2114 angustias
1428 2073 1622 2116 patiuntur
1642 2075 1678 2107 ct
1699 2081 1799 2108 acer-

228 2077 397 2120 beamus,
421 2074 549 2112 omniu
573 2073 634 2109 hic
655 2077 744 2108 sunt
776 2071 993 2117 magnilica,

227 2130 265 2163 et
297 2123 485 2170 mysteriis
518 2120 734 2157 coelcstibus
771 2119 912 2165 plena:
946 2118 995 2154 itu

228 2177 265 2210 et
285 2172 347 2209 hic
367 2171 501 2207 merito
516 2168 780 2215 pronuntietur
801 2177 892 2213 pucr
926 2166 994 2202 iste

227 2219 492 2266 magnificatus
524 2226 635 2262 super
667 2216 782 2262 Reges
811 2214 994 2250 univcrsae

228 2272 351 2305 terroe.

276 2315 326 2352 Ac
347 2311 522 2360 inprimis
541 2320 585 2346 ex
609 2315 710 2356 purte
739 2309 867 2345 matris
896 2309 991 2354 cJ'us,

226 2372 311 2410 quae
328 2361 412 2398 vilis
433 2359 597 2395 exterius
628 2362 802 2395 consetur
834 2361 868 2392 ct
906 2367 994 2402 puu-

225 2409 395 2458 pomula,
418 2406 536 2444 multu
567 2405 847 2450 magnificentia
873 2405 993 2440 cerni-

225 2462 299 2504 tur,
321 2458 411 2493 dum
434 2455 535 2498 virgo
556 2458 590 2490 et
612 2457 729 2489 [linter
748 2463 828 2487 csse
850 2452 990 2504 reperi-

225 2509 297 2542 tur.
322 2504 375 2540 Al»
397 2503 459 2539 illa
492 2502 590 2538 velut
620 2500 798 2537 solanum·
832 2499 991 2535 rutilans

223 2562 396 2599 egressus
420 2554 474 2587 cst
507 2549 569 2587 hic
602 2540 702 2584 tilius
741 2546 989 2590 magnificen-

222 2599 407 2640 tissimus.
436 2597 530 2634 nillil
554 2606 635 2633 cnm
657 2595 868 2638 sordidans,
893 2594 987 2630 nihil

221 2647 304 2695 ejus
325 2646 523 2695 puritatem
554 2649 589 2681 et
622 2643 874 2687 virginitatem
916 2642 988 2678 mi-

221 2705 359 2739 nuens,
389 2693 451 2730 scd
491 2703 573 2728 cum
612 2700 839 2728 consecrans
876 2694 910 2725 ut
951 2689 987 2725 in

220 2747 405 2780 aeternum
442 2739 685 2787 spectabilem
721 2737 892 2774 roddens,
934 2737 987 2773 An

218 2790 334 2827 alicui
375 2791 516 2834 Regum
564 2795 786 2823 concussum
843 2789 910 2828 ost,
950 2788 988 2820 ut

218 2847 243 2875 ο
262 2841 379 2874 matre
401 2837 615 2881 incorrupta
635 2838 670 2869 ct
690 2832 833 2878 virgine
854 2841 987 2868 nasce-

215 2889 323 2923 retur
340 2885 355 2920 Ρ
373 2886 491 2927 Certe,
509 2883 598 2918 «lum
629 2881 744 2926 Reges
766 2883 986 2922 nuscuntur.

220 2931 385 2968 similem
405 2931 524 2966 alliso
545 2929 674 2966 matris
696 2933 800 2964 utero
828 2926 985 2969 exitum,

221 2978 379 3025 vilitate,
401 2977 567 3023 miseria,
587 2981 623 3015 ct
642 2974 814 3014 sordibus
830 2973 985 3021 plenum

1035 2117 1148 2171 rim-os
1169 2116 1317 2153 dolores
1341 2128 1348 2153 :
1372 2117 1489 2154 immo
1511 2122 1546 2154 ct
1574 2118 1801 2166 quandoque

1034 2174 1134 2208 rouro
1155 2174 1221 2199 suo
1250 2170 1354 2210 partu
1388 2170 1617 2209 enecantum
1639 2175 1728 2202 nam
1762 2172 1798 2202 et

1033 2212 1094 2259 qui
1116 2213 1279 2247 Czrsarcs
1298 2212 1388 2247 dicti
1410 2217 1511 2255 sunt,
1534 2224 1555 2248 a
1577 2223 1675 2249 caeso
1704 2223 1797 2250 vcn-

1033 2264 1087 2296 trc
1107 2259 1235 2295 matris
1255 2258 1428 2305 primitus
1451 2259 1522 2296 hoc
1549 2270 1687 2297 nomen
1714 2271 1798 2298 sor—

1032 2307 1086 2343 titi
1127 2311 1227 2343 sunt.
1269 2307 1362 2350 Ergo
1404 2306 1482 2343 lunc
1522 2307 1638 2343 nostri
1687 2308 1799 2355 Regis

1033 2354 1179 2401 pucilici
1224 2353 1466 2400 praerogativa
1512 2355 1716 2399 singularis
1759 2361 1796 2393 et

1032 2401 1233 2449 magnilica
1255 2405 1325 2446 cst,
1346 2400 1494 2437 nullum
1523 2403 1630 2438 mnu-i
1663 2402 1797 2441 afferre

1030 2450 1214 2493 dolorem,
1248 2452 1283 2485 ct
1318 2447 1474 2492 virginei
1508 2450 1661 2495 pudoris
1694 2450 1797 2489 haud

1032 2503 1211 2534 temerare
1260 2491 1524 2540 integritatem.
1568 2497 1655 2534 ldco
1695 2499 1797 2546 apud

1032 2544 1262 2582 Ezechielem
1309 2547 1428 2579 mutor
1474 2543 1553 2581 haec
1600 2545 1794 2592 designata

1029 2597 1085 2629 ost
1104 2593 1141 2629 in
1189 2595 1268 2629 ortu
1290 2590 1353 2627 illa
1375 2592 1577 2636 magnilica
1602 2596 1638 2628 et
1670 2592 1795 2639 splen-

1028 2640 1130 2684 dida,
1177 2648 1286 2685 cquu
1318 2639 1486 2675 dicitur:
1516 2654 1529 2671 α
1566 2639 1674 2677 Portu
1712 2639 1799 2678 haec·

1028 2687 1155 2725 clausa
1174 2686 1303 2728 ermol
1325 2697 1398 2722 non
1421 2686 1621 2732 aperietur,
1637 2687 1693 2724 vir
1714 2698 1791 2725 non

1029 2732 1267 2781 pertransibit.
1289 2744 1352 2788 per
1381 2745 1477 2779 carn,
1501 2734 1681 2781 quoniam
1716 2734 1793 2772 Do—

1029 2783 1153 2819 minus
1176 2781 1271 2818 Dcus
1292 2790 1482 2824 ingressus
1513 2786 1569 2818 cst
1633 2792 1673 2819 er
1691 2792 1790 2828 cam,

1026 2830 1093 2884 erit
1125 2838 1169 2864 uc
1206 2828 1334 2864 clausu
1369 2829 1490 2867 l’rinci
1522 2829 1545 2866 i.
1571 2844 1585 2862 ι
1644 2840 1689 2867 oo
1719 2834 1791 2875 ost,

1027 2887 1064 2913 m
1131 2886 1287 2912 onorem
1327 2876 1445 2923 ipsius
1515 2876 1672 2924 rincipis
1719 2877 1791 2915 erit

1025 2923 1178 2978 clausu,—
1222 2925 1334 2961 otinm
1385 2934 1472 2961 cum
1507 2924 1684 2972 Princeps
1708 2933 1790 2972 por-

1026 2970 1198 3009 transibit
1240 2982 1306 3019 pcr
1354 2982 1464 3020 cam,
1520 2972 1678 3020 ideoque
1721 2981 1794 3009 vo-
