1858 3184
1617 163 1694 206 3⁷7

131 250 335 305 quelques
354 251 522 292 anciens
541 250 823 303 theologicus.
844 251 1034 292 D’autres
1064 251 1199 292 disent
1229 263 1312 305 que
1340 252 1379 292 le
1409 253 1610 305 Bapteme
1641 253 1694 295 de

126 317 234 358 Jetm
253 315 409 358 n’avait
427 314 586 357 aucune
605 316 754 365 forme,
777 316 1002 369 puisqu’on
1020 329 1077 357 ne
1093 321 1196 370 peut
1214 318 1253 357 le
1272 318 1466 358 conclure
1485 319 1692 361 001101110-

125 385 244 422 ment
261 381 439 422 d⁸aucun
460 379 572 421 texte
587 380 638 420 de
658 381 890 431 l’Ecriture,
914 384 957 422 et
970 382 1205 434 qu'aueune
1225 383 1361 423 forme
1379 383 1528 423 n'etait
1546 386 1690 424 neces-

125 447 234 488 saite
252 449 278 487 a
295 446 337 488 la
354 446 411 487 fin
433 446 484 486 de
504 458 550 486 ce
568 445 786 498 Bapteme.
809 447 934 487 Enfin
964 447 1014 486 ils
1046 448 1282 500 s'appuient
1307 460 1380 489 sur
1410 460 1457 488 00
1477 460 1557 501 que
1582 450 1689 490 Joan

122 510 193 552 n’a
211 523 283 564 pas
302 511 587 565 puemployer
605 513 711 551 cette
732 511 867 552 forme
885 525 893 551 :
913 527 933 550 α
951 514 1000 552 ,10
1019 516 1061 553 te
1074 513 1235 565 baptise
1248 524 1304 554 au
1316 522 1417 554 nom
1435 513 1493 554 du
1506 513 1647 554 Christ
1665 516 1690 554 a

120 577 252 626 venir,
273 590 293 614 11
318 576 456 629 quand
476 575 507 615 11
527 588 553 615 a
573 575 735 628 baptise
754 577 1046 618 ,lesus-Christ.
1069 577 1188 618 Ainsi
1220 578 1338 628 donc,
1362 578 1472 619 itast
1491 578 1690 620 tres-vrai

127 650 209 694 qne
222 640 331 683 Jean
353 641 591 694 enseignait
609 654 663 682 au
683 642 834 695 peuple
867 644 893 682 a
911 643 1044 683 croire
1083 656 1137 683 au
1163 643 1301 684 Christ
1320 646 1345 684 a
1364 645 1485 684 venir
1515 647 1557 684 et
1575 657 1630 684 on
1650 644 1690 685 le

124 706 290 747 conciat
308 707 364 747 du
383 710 498 746 texte
519 706 599 747 cite
618 707 690 747 des
708 708 835 757 Actes,
858 708 964 748 mais
983 709 1012 748 il
1033 721 1086 749 ne
1105 709 1279 749 s'ensuit
1314 721 1389 762 pas
1419 710 1688 762 1130010000-

121 775 240 812 ment
257 771 358 824 qu’il
377 773 472 811 usal:
490 772 615 812 d’une
635 773 768 813 forme
789 774 863 827 qui
883 773 1116 826 expliquait
1135 777 1242 814 cette
1262 774 1336 814 foi.

173 838 314 890 ’voyez
334 837 600 878 maintenant
619 838 758 891 quelle
777 843 838 879 est
867 839 908 878 la
941 840 1165 879 difference
1195 840 1247 880 de
1279 852 1325 881 00
1357 841 1557 893 Bapteme
1588 852 1689 881 avec

534 162 754 204 ‘raolsrims
782 171 994 203 emmone
1022 172 1075 203 nn
1104 162 1292 205 L’Avanr.

120 901 228 942 celui
248 902 299 943 de
318 903 615 954 Jesus-Christ,
638 906 693 943 οὺ
712 904 742 943 11
762 903 854 944 faut
874 905 1225 945 neceesairement
1261 908 1305 945 et
1332 905 1688 946 essentiellement

118 965 334 1020 employer
354 970 460 1008 cette
480 969 614 1008 forme
638 982 648 1008 ε
672 985 690 1005 ιι
713 970 760 1010 ,10
780 975 820 1009 te
842 970 1003 1022 baptiso
1026 982 1079 1010 au
1101 982 1199 1010 nom
1231 971 1287 1011 du
1309 972 1425 1019 Pete,
1449 975 1492 1011 et
1505 971 1562 1011 du
1583 970 1683 1020 Fils,

90 1052 93 1054 ¹
119 1032 243 1074 ‹at-‘du
274 1033 569 1086 Saint-Esprit.
593 1048 612 1072 »
647 1035 756 1075 C’est
788 1036 839 1084 la,
863 1036 925 1075 dit
955 1036 1065 1075 saint
1096 1037 1309 1085 Augustini
1334 1052 1353 1074 a
1374 1037 1414 1076 la
1439 1035 1583 1089 parole
1613 1037 1687 1089 qui

117 1097 246 1138 s‘unit
265 1100 290 1138 a
309 1098 432 1149 l’eau,
455 1102 496 1139 et
515 1098 554 1139 le
575 1100 820 1139 Sacrement
839 1104 903 1140 est
921 1101 1183 1141 administre.
1208 1103 1315 1142 Sans
1335 1102 1374 1141 la
1394 1102 1552 1154 parole,
1575 1102 1685 1142 l'eau

116 1163 296 1203 n'aurait
315 1175 390 1216 pas
409 1167 516 1204 cette
538 1165 699 1217 grande
720 1169 838 1204 vertu
860 1166 984 1218 qu'en
1006 1167 1205 1206 touchant
1237 1167 1274 1206 le
1293 1179 1413 1219 corps
1433 1167 1514 1207 elle
1532 1167 1684 1219 purifie

119 1227 242 1268 l’eau.
265 1242 284 1266 »
308 1229 416 1268 C'est
434 1229 476 1270 la
494 1230 592 1269 voix
611 1230 667 1270 du
692 1230 901 1282 Seigneur
921 1231 995 1283 qui
1014 1233 1194 1271 resonne
1226 1244 1297 1271 sur
1317 1232 1376 1272 les
1403 1244 1512 1272 eaux
1533 1236 1578 1273 et
1595 1232 1686 1273 leur

119 1294 416 1346 communique
435 1306 521 1335 une
539 1299 660 1335 vertu
691 1295 982 1337 merveilleuse
1014 1309 1121 1348 pour
1149 1299 1377 1348 regenerer
1407 1298 1467 1337 les
1495 1298 1684 1350 peuples.

115 1358 179 1398 De
189 1359 327 1399 metue
346 1366 399 1399 en
419 1360 517 1400 effet
538 1360 661 1412 qu'au
685 1368 1043 1402 commencement
1062 1365 1199 1402 toutes
1213 1363 1357 1402 choses
1371 1365 1526 1403 0111010
1545 1365 1685 1404 creees

115 1433 193 1476 par
211 1423 250 1464 le
270 1423 420 1475 verbe,
441 1425 548 1464 ainsi
580 1437 655 1478 par
675 1427 712 1465 le
735 1426 869 1466 Verbe
902 1428 1178 1467 sacramentel
1199 1427 1413 1476 l'homme,
1436 1428 1510 1480 qui
1543 1431 1683 1468 estun

112 1489 222 1541 petit
239 1491 406 1539 monde,
429 1490 559 1542 recoit
588 1503 669 1530 une
707 1492 901 1531 nouvelle
933 1492 1120 1532 creation
1150 1497 1193 1532 et
1224 1504 1308 1532 une
1340 1493 1536 1533 nouvelle
1568 1493 1680 1533 nais-

113 1563 251 1594 sance.
273 1553 559 1595 L’invocation
580 1555 630 1596 de
651 1557 690 1595 la
710 1557 943 1596 tres-sainte
963 1557 1141 1606 Trinite,
1163 1559 1281 1606 Pere,
1307 1559 1390 1598 Fils
1408 1562 1450 1598 et
1471 1559 1684 1600 sitiat-Es-

110 1618 211 1671 prit,
233 1622 296 1659 est
332 1619 550 1659 tellement
581 1622 812 1661 neccssaire
834 1634 915 1674 que
935 1635 1031 1662 sans
1050 1622 1138 1662 cela
1167 1623 1205 1662 le
1235 1624 1481 1664 Sacrement
1501 1627 1563 1664 est
1589 1624 1681 1675 nul,

111 1694 274 1724 comme
293 1695 347 1723 on
369 1685 406 1724 10
427 1686 594 1725 conclut
613 1686 685 1726 des
706 1687 869 1737 paroles
888 1687 943 1727 du
965 1688 1118 1735 Christ,
1153 1688 1291 1729 disant
1321 1691 1346 1728 a
1376 1701 1439 1729 ses
1470 1691 1648 1742 Apetres
1668 1702 1678 1729 :

113 1762 136 1784 a
158 1748 290 1797 Allez,
312 1749 534 1801 enseignez
555 1754 690 1791 toutes
710 1752 768 1792 les
788 1753 969 1802 natione,
992 1753 1050 1793 les
1069 1753 1283 1806 baptisant
1296 1766 1348 1794 au
1363 1766 1463 1794 nom
1483 1755 1540 1794 du
1561 1757 1678 1803 Pero,

110 1815 155 1853 et
173 1813 228 1853 du
247 1813 347 1864 Fils,
374 1818 417 1855 et
435 1815 490 1855 du
513 1816 803 1870 Saint-Esprit.
829 1832 848 1855 n
868 1817 975 1858 c’est
1006 1819 1048 1859 la
1079 1831 1230 1860 encore
1261 1821 1485 1872 pourquoi,
1507 1820 1612 1860 dans
1642 1820 1683 1861 le

109 1878 311 1930 Bapteme
332 1891 413 1932 que
433 1885 549 1932 recut
566 1882 858 1933 ,lesus-Christ,
893 1884 1153 1936 inaugurent
1173 1890 1214 1925 et
1241 1885 1466 1925 instituant
1486 1885 1524 1925 le
1544 1886 1679 1936 notre,

109 2025 274 2063 Sacram.
297 2038 333 2074 p.
356 2027 391 2063 6.
414 2038 447 2064 c.
471 2039 520 2065 vn.
544 2034 579 2065 01
599 2029 752 2075 quidam
773 2030 873 2066 The-

111 2072 211 2120 ologi
247 2075 394 2122 antiqui
431 2086 519 2112 cum
557 2076 645 2113 illis.
677 2077 747 2114 Alii
787 2089 873 2114 vero

107 2120 240 2158 dicunt
260 2122 405 2159 nullam
425 2123 540 2162 fuisso
552 2124 713 2161 formam
732 2127 771 2161 in
787 2125 874 2172 hapa

109 2167 222 2206 tismo
235 2169 408 2214 loannis,
423 2173 510 2210 cum
532 2181 602 2209 nec
615 2183 659 2208 ex
681 2173 872 2219 Scriptura

110 2220 211 2253 certo
232 2217 269 2254 id
295 2218 508 2264 colligatur,
530 2230 600 2256 nec
621 2221 731 2256 suerit
758 2221 870 2257 etiam

109 2262 236 2310 aliqua
264 2264 386 2302 forma
417 2267 628 2304 necessaria
665 2269 711 2304 ad
753 2268 869 2304 tinem

108 2310 214 2348 illius
232 2311 477 2359 baptismatis.
501 2315 682 2362 Denique,
698 2317 784 2362 quia
806 2317 867 2352 illa

108 2357 230 2395 forma
250 2369 260 2396 :
284 2374 299 2393 ι
323 2361 398 2407 Ego
418 2366 455 2398 te
475 2361 620 2409 baptizo
648 2365 686 2400 in
714 2365 870 2401 nomine

111 2405 247 2442 Christi
277 2409 438 2452 venturi,
462 2425 476 2444 n
513 2421 593 2447 non
624 2412 868 2457 9011111010-

107 2462 211 2490 anne
253 2456 441 2502 usurpari,
486 2459 637 2504 quando
675 2459 869 2496 Christum

111 2498 321 2546 baptizavit.
335 2503 463 2550 Itaque
475 2515 604 2542 verum
625 2506 777 2553 quidem
799 2512 865 2552 est,

135 2547 210 2584 uod
228 2547 393 2603 Ioannes
410 2551 560 2589 doceret
580 2554 763 2601 populum
785 2565 868 2591 cre-

189 2641 197 2649 ·
217 2605 257 2648 111
277 2596 462 2635 christum
494 2605 708 2646 venturum,
735 2607 770 2639 et
797 2602 868 2639 1100

109 2640 300 2688 effingitur
333 2653 379 2680 ex
415 2645 513 2683 dicto
553 2648 635 2686 loco
675 2651 866 2694 Actorum,

110 2695 190 2725 nm
207 2693 331 2742 autem
359 2695 570 2732 necessario
598 2696 771 2734 utebatur
791 2698 868 2734 for-

111 2744 174 2772 ma
210 2736 334 2791 illam·
351 2738 465 2776 tidem
511 2743 735 2790 explicante.
778 2746 867 2782 Vide

110 2791 217 2820 nunc
236 2784 589 2839 qualis-differentia
620 2791 668 2828 sit
700 2793 740 2828 111
772 2792 867 2839 bap-

107 2829 223 2878 tismo
239 2830 393 2885 ‚eh-risu,
413 2834 719 2876 ubitueoessaria
750 2844 806 2876 est
831 2845 866 2876 et

109 2877 322 2932 essentlalis
360 2879 440 2918 haec
475 2882 595 2921 forma
615 2897 623 2922 :
661 2900 675 2919 «
717 2887 794 2935 Ego
831 2893 867 2925 te

109 2922 271 2979 baptiso,
292 2936 333 2963 m
363 2928 520 2967 nomine
546 2931 680 2978 Patris,
700 2939 737 2971 et
765 2935 865 2980 Filii,

109 2975 146 3009 01
164 2971 325 3019 spmtus
343 2973 482 3013 Sancti.
501 2990 516 3011 ι
532 2979 617 3017 Hoc
636 2985 692 3018 est
709 2982 866 3020 verbum

914 2033 1011 2077 quod
1045 2033 1190 2069 accedit
1222 2034 1267 2069 ad
1301 2034 1543 2078 elementum,
1574 2038 1610 2070 et
1640 2033 1682 2070 fit

913 2083 1226 2124 sacrariientum;
1261 2091 1332 2117 nec
1363 2086 1460 2117 esset
1494 2086 1595 2117 tanta
1626 2081 1681 2117 vis

912 2137 1032 2172 aquia,
1056 2132 1093 2163 ut
1114 2138 1251 2174 corpus
1272 2133 1396 2175 tangat
1421 2133 1455 2164 01
1475 2139 1540 2164 001·
1565 2128 1679 2165 ablu-

910 2179 959 2214 at,
983 2175 1057 2210 nisi
1079 2175 1241 2212 faciente
1261 2176 1298 2212 id
1330 2176 1456 2219 verbo,
1479 2181 1518 2212 ut
1550 2176 1677 2223 loqui-

912 2227 971 2258 tur
992 2228 1145 2259 sanctus
1164 2224 1405 2269 Augustinus.
1422 2224 1508 2260 llaec
1529 2228 1584 2260 est
1605 2234 1675 2260 vox

914 2270 1062 2306 Domini
1100 2281 1283 2307 resonans
1321 2282 1433 2318 super
1470 2282 1600 2317 aquas,
1638 2275 1674 2308 et

911 2318 984 2353 vim
1005 2318 1038 2354 ei
1060 2318 1194 2354 miram
1223 2319 1268 2354 ad
1301 2321 1579 2363 regenerandos
1603 2329 1674 2365 po-

909 2365 1020 2411 pulos
1064 2366 1306 2413 ingenerans,
1346 2372 1385 2403 ut
1420 2367 1515 2403 sicut
1564 2366 1674 2403 initio

909 2424 975 2459 per
1004 2413 1157 2450 verbum
1185 2415 1315 2451 omnia
1343 2419 1467 2450 creata
1499 2419 1600 2460 sunt,
1623 2414 1674 2450 ita

908 2471 974 2506 per
1020 2461 1174 2498 verbum
1219 2462 1492 2498 sacramentale
1536 2471 1676 2499 novam

908 2509 1110 2554 quamdam
1141 2510 1371 2546 creationem
1403 2514 1439 2545 et
1459 2509 1674 2555 generatio-

907 2566 997 2592 nem
1025 2556 1138 2593 homo
1157 2558 1332 2603 accipiat,
1354 2557 1417 2603 qui
1449 2561 1504 2593 est
1535 2566 1673 2603 parvus

907 2604 1086 2640 mundus.
1111 2605 1169 2640 Est
1188 2615 1274 2641 vero
1295 2606 1346 2640 ita
1370 2605 1583 2641 necessaria
1602 2614 1671 2642 ex-

906 2662 1035 2697 pressa
1063 2652 1249 2688 invocatio
1280 2652 1342 2687 SS.
1364 2652 1573 2696 Trinitatis,
1599 2652 1672 2689 1100

906 2704 961 2734 est
983 2699 1100 2735 Patris
1119 2704 1154 2735 et
1179 2700 1262 2735 Filii
1281 2704 1318 2735 et
1342 2699 1502 2745 Spiritus
1525 2699 1671 2744 Sancti,

907 2751 946 2782 ut
976 2747 1085 2782 aliter
1117 2747 1266 2783 nullum
1294 2747 1342 2782 sit
1368 2746 1672 2792 Sacramentum,

905 2794 1004 2840 quod
1043 2804 1088 2829 ex
1127 2794 1264 2830 Christi
1301 2794 1426 2830 verbis
1463 2794 1670 2841 colligitur,

905 2841 996 2877 (lum
1031 2841 1214 2887 Apostolis
1242 2841 1364 2878 dicit:
1391 2856 1405 2874 a
1434 2842 1502 2886 lte,
1539 2842 1674 2879 docete

905 2899 1039 2924 omnes
1076 2893 1221 2934 gentes,
1263 2889 1492 2936 baptizantes
1524 2899 1588 2926 eos
1627 2890 1672 2927 in

905 2936 1061 2974 nomine
1083 2936 1201 2972 Patris
1238 2941 1274 2973 et
1314 2937 1400 2973 Filii
1437 2942 1474 2973 et
1510 2937 1672 2984 Spiritus

904 2983 1043 3020 Sancti.
1088 2998 1102 3014 »-
1146 2984 1190 3020 Et
1226 2988 1422 3031 propterea
1459 2985 1574 3022 etiam
1629 2986 1672 3023 111
