1858 3184
430 175 533 217 ητις
558 180 611 214 m!
635 182 687 215 m
713 179 992 215 romonum«
1018 182 1072 216 nu
1096 185 1151 215 u-
1172 183 1211 215 11.
1240 185 1282 216 v.
1309 185 1455 216 nme.
1651 170 1733 219 (2OE

210 264 292 318 ily
327 263 442 304 avait
476 263 590 305 deux
618 262 698 304 lois
726 267 984 305 concernunt
1014 268 1079 304 cet
1109 263 1240 317 objet.
1262 264 1394 305 L’une
1426 265 1642 318 regerdait
1673 265 1734 306 les

157 330 289 372 mles
306 329 604 382 premiere-nes
621 328 722 381 qu'il
741 330 846 369 etait
865 330 1056 370 ordonne
1087 329 1249 369 d'offrir
1280 341 1334 369 an
1367 330 1577 382 seigneur
1607 333 1650 371 et
1678 330 1733 372 (111

157 395 349 436 recheter
368 407 468 435 avec
488 394 583 446 cinq
604 393 739 434 nieles.
762 395 865 435 Dieu
887 394 1035 435 voulut
1063 394 1189 448 qn'on
1212 394 1270 434 lui
1291 395 1406 434 oflrit
1425 395 1484 435 les
1515 395 1734 447 premiere*

158 463 248 511 1165,
275 472 399 514 perce
431 471 527 512 que,
562 459 753 512 lorsqu’il
788 460 937 512 trappa
971 459 1031 500 les
1064 459 1356 513 premiere-nes
1386 460 1437 498 de
1468 460 1680 513 l’Egypte,
1702 457 1733 501 il

157 537 358 566 conserva
378 525 435 566 les
453 524 746 578 premiere-nes
767 525 954 565 d’lsraet.
977 525 1084 565 C’est
1105 526 1310 578 pour-quoi
1332 524 1359 564 il
1380 529 1441 564 est
1462 525 1521 564 dit
1545 540 1552 565 :
1582 540 1601 563 «
1621 527 1735 566 Con-¹

158 590 407 631 sacrez-moi
427 594 522 631 tous
541 589 601 630 les
620 589 913 642 premiers-nes
933 591 1067 643 parmi
1090 590 1148 630 les
1172 590 1338 630 enfants
1360 589 1543 630 d’lsraet.
1570 589 1733 642 (Nomb.

157 666 277 704 xvm,
299 657 383 709 13.)
404 668 423 694 11
448 655 613 695 L'antre
638 656 883 695 concernait
915 655 973 695 les
1005 657 1154 704 meres,
1191 656 1263 708 qui
1297 655 1492 695 devuient
1525 656 1644 696 offrir
1675 667 1733 696 un

158 733 324 775 agneau
346 732 445 761 avec
466 732 521 759 un
544 721 650 773 petit
668 720 719 760 de
740 720 931 760 colombe
965 734 1017 759 ou
1039 733 1123 760 nne
1158 721 1416 769 tourterelle,
1440 733 1492 760 ou
1527 721 1635 761 deux
1657 734 1730 774 pe-

157 786 229 827 tits
248 786 300 825 de
318 785 525 826 colombes
545 798 597 825 ou
620 785 727 825 deux
748 786 1012 827 tourterelles
1045 786 1185 838 quand
1215 786 1315 826 elles
1346 787 1503 826 etaient
1536 798 1730 839 pauvres.

157 851 276 893 Voici
295 854 507 893 comment
526 850 557 890 il
577 863 628 890 en
650 856 710 891 est
729 851 845 904 perle
868 864 920 891 au
939 851 1142 905 Levt'te'que
1165 865 1174 891 ε
1199 867 1216 887 α
1244 852 1286 891 Si
1308 863 1389 891 nne
1412 851 1582 900 femme,
1605 854 1734 903 ayant

157 918 232 957 use
251 916 307 956 du
329 917 534 967 mariage,
555 917 726 956 ensente
746 929 802 956 un
837 917 963 967 mule,
987 918 1064 956 elle
1098 929 1188 956 sera
1222 917 1388 969 impure
1421 917 1609 968 pendant
1642 919 1735 969 sept

155 980 287 1034 Ι101118,
312 985 353 1021 et
373 984 543 1034 separee
577 982 627 1021 de
659 982 798 1021 meme
830 994 913 1034 que
951 982 1054 1020 dans
1092 993 1155 1020 ses
1194 982 1443 1033 purgatione
1481 981 1730 1022 ordinatu-cs.

159 1047 352 1088 L’enfant
372 1059 463 1087 seru
482 1047 680 1086 circoncis
702 1047 739 1086 le
760 1046 964 1086 huitieme
981 1047 1096 1097 jour,
1117 1050 1155 1085 et
1190 1046 1267 1086 elle
1300 1046 1546 1086 demeureru
1580 1056 1735 1087 encore

159 1113 424 1153 trente-trois
439 1113 559 1163 Jours
577 1125 684 1165 pour
703 1113 791 1152 etro
812 1113 989 1164 puriliee
1010 1112 1060 1151 de
1082 1113 1118 1151 lu
1140 1112 1247 1152 suite
1268 1112 1318 1151 de
1341 1124 1403 1151 585
1423 1112 1616 1151 couches.
1642 1111 1737 1152 Ello

161 1190 215 1219 ne
234 1178 479 1218 toucheraa
499 1179 588 1218 rien
610 1178 680 1230 qui
711 1179 792 1217 soit
824 1178 948 1226 saint,
972 1181 1010 1216 et
1047 1177 1126 1217 elle
1161 1177 1374 1216 n’entrera
1406 1178 1526 1230 point
1555 1177 1660 1216 dans
1693 1177 1738 1216 lc·

160 1244 410 1292 sunctueire,
427 1243 595 1296 jusqu’e
617 1255 662 1283 88
677 1256 758 1296 que
778 1243 836 1283 les
851 1243 971 1295 jours
989 1243 1039 1283 de
1060 1255 1103 1282 sa
1116 1242 1389 1282 Purification
1411 1242 1545 1282 soient
1572 1252 1734 1281 accom-

160 1308 255 1361 plis.
279 1309 370 1362 (1111,
392 1309 500 1362 2-4.)
521 1325 540 1345 »
565 1309 682 1349 Ainsi
701 1309 821 1358 donc,
848 1309 1031 1362 pendant
1063 1313 1152 1360 sept
1180 1300 1314 1360 jou‘rs,
1338 1308 1369 1347 il
1402 1308 1548 1347 n’etnit
1579 1307 1738 1360 permis

162 1375 187 1413 ὰ
206 1386 426 1427 personne,
449 1387 522 1428 pes
542 1376 678 1415 meme
699 1376 723 1414 ὲ
743 1387 816 1413 son
847 1374 968 1422 meri,
992 1375 1042 1413 de
1064 1375 1194 1422 vivre,
1217 1374 1268 1413 de
1298 1385 1490 1424 manger,
1513 1373 1563 1412 de
1595 1373 1741 1426 purler'

162 1450 262 1479 avec
281 1439 374 1479 elle.
393 1440 582 1480 pendant
603 1440 660 1480 les
680 1440 944 1479 trente-trois
965 1442 1104 1478 autres
1122 1440 1253 1490 301115,
1272 1438 1350 1478 8118
1372 1439 1475 1478 etait
1494 1440 1656 1478 ecartee
1676 1437 1741 1478 dni

163 1505 415 1552 sanctuaire,
438 1505 544 1544 meis
563 1505 593 1544 il
613 1505 714 1544 eteit
735 1506 890 1557 permis
911 1505 960 1544 de
994 1516 1172 1555 manger
1205 1507 1247 1543 et
1279 1504 1329 1543 de
1363 1503 1478 1542 vivre
1507 1515 1606 1542 avec
1638 1502 1734 1543 elle.

163 1569 242 1610 Ges
259 1569 370 1610 deux
391 1570 525 1609 lois-ln
546 1582 598 1610 ne
619 1571 914 1610 eoneernaient
937 1582 988 1608 en
1011 1570 1101 1608 rien
1124 1569 1161 1608 le
1181 1569 1319 1608 Christ
1339 1568 1380 1607 ni
1402 1568 1547 1608 Merie.
1569 1569 1628 1608 La
1647 1578 1742 1621 pre*-

163 1634 295 1675 181818
314 1635 384 1683 101,
408 1635 604 1688 puisqu'il
626 1635 686 1688 s'y
718 1635 810 1687 agit
842 1635 914 1674 des
946 1634 1247 1687 premierS-nes
1279 1634 1352 1686 qui
1384 1633 1544 1673 brisent
1576 1633 1615 1673 le
1647 1633 1741 1674 sein

163 1701 383 1750 maternel,
405 1703 448 1740 et
479 1701 516 1740 le
538 1700 689 1751 Christ,
724 1702 842 1740 etant
875 1702 926 1739 ne
956 1700 1082 1740 d'une
1115 1700 1272 1751 vierge,
1310 1699 1378 1738 n’a
1408 1699 1528 1751 point
1556 1698 1666 1738 viole
1697 1698 1742 1739 1ο

164 1764 253 1805 sein
273 1766 324 1805 de
344 1778 388 1806 sa
407 1767 537 1813 mere,
559 1770 602 1805 et
622 1766 742 1814 ainsi,
766 1766 1135 1817 rigoureusement
1163 1764 1345 1817 pariant,
1367 1763 1400 1802 il
1433 1764 1499 1802 n’n
1519 1763 1640 1815 point
1659 1773 1740 1803 oua·

165 1833 257 1870 vert
275 1842 320 1870 ce
339 1831 428 1870 sein
449 1835 490 1870 et
509 1830 614 1870 n'est
632 1831 750 1883 point
769 1830 949 1882 compris
969 1830 1073 1868 dans
1088 1833 1194 1869 cette
1215 1829 1287 1868 loi.
1304 1831 1358 1868 Le
1374 1829 1599 1868 sentiment
1618 1840 1735 1868 com·-

166 1906 269 1935 mun
289 1895 361 1935 des
380 1896 581 1935 Docteurs
600 1899 762 1948 estque
795 1895 832 1935 18
867 1895 1151 1947 Saint-Esprit
1181 1906 1206 1934 a
1239 1893 1419 1934 formale
1451 1894 1493 1932 la
1524 1893 1581 1933 loi
1613 1893 1664 1934 de
1694 1892 1737 1934 18.

166 1963 290 2009 sorte,
313 1960 398 2000 afin
421 1973 502 2014 que
522 1961 560 2001 18
581 1961 719 2000 Christ
739 1966 780 2000 et
800 1961 930 2000 Μαι-18
951 1960 1020 2011 n’y
1037 1960 1196 1999 fussent
1215 1960 1334 2012 point
1353 1959 1545 2012 compris.
1567 1958 1737 1999 L‘autre

165 2097 280 2133 fantis
317 2098 373 2134 sui
413 2097 657 2134 oblationem.
698 2098 785 2134 Duae
821 2101 924 2134 erant

165 2145 257 2182 olim
279 2145 379 2192 leges
400 2145 498 2182 hauc
529 2156 608 2182 rem
641 2150 925 2182 concernentes

165 2194 250 2229 Una
270 2197 347 2229 erat
368 2203 605 2230 concernens
626 2193 814 2230 masculos
848 2193 926 2238 pri-

164 2240 392 2287 mogenitos,
432 2241 495 2287 qui
534 2240 763 2287 jubebantur
801 2240 928 2277 offerri

166 2288 258 2330 Deo.
278 2292 314 2324 et
339 2288 473 2324 redimi
507 2289 673 2334 quinque
699 2289 815 2324 siclis.
840 2288 927 2324 Ideo

166 2339 292 2372 autem
304 2336 422 2373 voluit
436 2335 506 2372 sibi
522 2335 646 2372 offerri
662 2336 926 2383 primogenitu,

167 2382 255 2466 ffiia
306 2383 397 2420 dum
456 2384 638 2430 percussit
682 2382 930 2430 primogenita

213 2430 327 2484 gyptL
343 2431 593 2477 primogenita
614 2431 762 2468 Israelis
782 2441 931 2467 8011581-

169 2481 279 2513 vavit.
319 2478 424 2516 Unde
460 2479 627 2516 dicitur:
674 2492 687 2510 «
728 2478 929 2515 sanctifica

169 2523 266 2560 mihi
279 2534 390 2561 omne
403 2527 712 2572 primogenitum,
727 2526 826 2574 quod
846 2535 930 2572 ape-

170 2570 218 2607 rit
236 2571 386 2608 vulvam
406 2573 446 2610 in
479 2569 568 2610 [iliis
601 2574 729 2610 Israel.
757 2589 770 2605 »ι
808 2574 929 2610 Altera

170 2622 249 2654 erat
273 2628 507 2658 concernens
537 2632 752 2668 puerperas,
775 2624 812 2656 et
842 2620 929 2668 pul-

170 2665 250 2702 lum
289 2667 474 2704 columbae
510 2669 586 2706 sive
624 2674 823 2712 turturem,
867 2673 931 2704 aut

170 2712 266 2750 duos
296 2714 420 2760 pullos
451 2715 713 2754 columbarum
745 2716 801 2752 vel
835 2716 930 2752 duos

170 2763 333 2815 turtures
365 2762 397 2798 si
431 2773 502 2809 pau
531 2774 612 2800 eres
631 2769 750 2801 erant.
788 2764 839 2799 De
860 2763 930 2799 hac

171 2814 214 2844 re
257 2812 370 2852 igitur
409 2820 417 2846 ε
456 2824 469 2841 (ι
551 2812 646 2849 ulier
691 2813 722 2848 si
773 2821 929 2857 suscep-

171 2857 209 2891 to
244 2856 390 2893 semine
419 2857 564 2904 peperit
599 2859 828 2901 masculum,
863 2859 930 2894 im-

170 2902 313 2939 munda
350 2904 420 2940 erit
461 2909 604 2951 septem
640 2907 787 2951 diebus,
823 2906 931 2952 juxta

170 2947 251 2986 dies
282 2951 528 2998 separationis
557 2958 763 2991 menstrue.
794 2954 838 2990 Et
870 2952 931 2990 die

168 2997 573 3037 oetavo=oircumdetur
591 2999 801 3039 infantulus
818 3018 827 3047 3
850 3001 936 3048 ipset

971 2107 1056 2133 vcro
1078 2097 1229 2143 triginta
1251 2096 1371 2133 tribus
1402 2095 1535 2132 diebus
1568 2094 1736 2132 manebit

970 2145 1008 2181 in
1023 2145 1207 2190 sanguine
1223 2144 1595 2191 puriticationissuae.
1614 2143 1735 2180 Omne

969 2197 1141 2228 sanctum
1163 2203 1239 2228 nou
1276 2196 1413 2238 tanget.
1437 2201 1506 2227 nec
1539 2190 1732 2237 ingredie-

969 2244 1028 2275 tur
1047 2240 1323 2276 Sanctum-ium.
1350 2255 1363 2270 ι»
1391 2240 1517 2285 ltaque
1550 2248 1615 2285 per
1647 2243 1739 2285 sep-'

970 2292 1045 2323 tem
1072 2287 1152 2323 dics
1174 2287 1334 2331 nemini,
1351 2297 1398 2323 ne
1413 2286 1546 2322 marito
1564 2285 1715 2332 quidem

969 2345 1057 2371 cum
1090 2346 1133 2371 ea
1172 2335 1310 2371 versari
1349 2334 1501 2378 licebat,
1532 2333 1648 2374 vesci,
1675 2314 1740 2369 vei'

968 2383 1134 2429 colloqui
1158 2393 1164 2418 :
1190 2393 1254 2429 per
1285 2382 1380 2418 alios
1401 2382 1446 2417 33
1478 2380 1558 2419 dies
1584 2379 1736 2417 arceba-

971 2435 1028 2466 tur
1050 2430 1202 2476 quidem
1231 2442 1252 2466 a
1285 2428 1515 2472 sanctuari0‚
1547 2428 1612 2464 sed
1645 2432 1740 2464 cum*

969 2488 1011 2514 cu
1032 2477 1166 2514 licebat
1187 2477 1284 2514 vesei
1306 2482 1367 2513 aut
1391 2475 1540 2515 versari.
1568 2476 1630 2512 11ae
1651 2475 1741 2512 duae·

971 2526 1069 2571 leges
1090 2525 1280 2561 Christum
1302 2534 1372 2561 1188
1393 2524 1549 2560 Mariam
1575 2530 1737 2560 80118811-

968 2573 1121 2609 nebunt.
1141 2572 1226 2610 Non
1246 2572 1368 2619 prima
1389 2572 1464 2615 lex,
1485 2571 1572 2618 quia
1591 2570 1668 2616 agit
1687 2569 1737 2608 de‘

968 2620 1229 2667 primogenitis
1261 2620 1324 2666 qui
1362 2620 1536 2666 aperiunt
1569 2618 1736 2664 vulvam,

969 2668 1138 2704 Christus
1157 2673 1283 2703 autem
1303 2677 1390 2704 cum
1411 2677 1456 2703 ex
1486 2666 1631 2713 virgine
1663 2670 1738 2701 nit-*¹

969 2720 1028 2751 tus
1048 2715 1110 2759 sit,
1133 2715 1263 2751 matris
1294 2715 1457 2751 claustra
1488 2724 1566 2750 non
1588 2719 1740 2749 resera-1

969 2763 1034 2807 vit,
1067 2763 1176 2799 etsie
1212 2763 1251 2799 in
1285 2763 1408 2809 rigore
1438 2760 1627 2807 loquendo
1648 2760 1734 2797 vul-

970 2821 1050 2847 vam
1074 2820 1152 2847 non
1181 2809 1342 2856 aperuit,
1363 2809 1522 2856 ideoque
1555 2808 1621 2844 illa
1653 2807 1739 2854 lege

968 2868 1047 2894 non
1097 2857 1444 2904 comprehenditur.
1486 2857 1530 2892 Et
1580 2855 1737 2902 quidem

969 2905 1182 2951 specialiter
1196 2905 1251 2941 sic
1272 2905 1393 2951 legem
1409 2915 1452 2940 ex
1483 2903 1637 2940 ressisse
1656 2901 1737 2950 Spi-

969 2953 1083 2989 ritum
1109 2953 1304 2996 Sanctum,
1325 2955 1366 2988 ut
1396 2962 1459 2988 ver
1489 2952 1519 2987 is
1547 2949 1736 2998 expressis

958 2999 1141 3038 ‹Christus
1161 3004 1196 3037 et
1216 2999 1335 3037 Maria
1366 3006 1447 3038 non
1479 2997 1735 3046 comprehen-
