1780 3190
134 344 213 399 1111
234 333 519 399 Pmleffluns
542 340 592 395 nu
615 340 666 395 n
688 339 843 394 mm
865 338 999 394 mm
1024 338 1070 393 ΕΤ
1093 338 1171 394 lux
1195 337 1388 394 usmis
1410 337 1482 393 RES
1508 338 1609 394 Am

524 780 1223 891 PREFACE

150 1283 218 1326 Ma
241 1284 409 1339 plume,
441 1297 549 1327 mon
577 1284 711 1339 stylet
736 1283 906 1326 etaient
934 1283 1013 1331 laS,
1042 1282 1254 1325 desii-eux
1284 1283 1338 1325 de
1364 1295 1513 1338 repos,
1538 1287 1583 1324 et
1603 1282 1663 1325 ils

90 1363 297 1405 auraient
330 1363 394 1404 dit
420 1362 664 1405 volontiers
691 1362 825 1403 adieu
845 1362 872 1402 ὲ
890 1360 1217 1415 l'imprimerie.
1243 1360 1361 1402 Vous
1388 1360 1453 1402 les
1478 1360 1663 1415 appelez

89 1441 115 1480 ii
140 1439 195 1482 de
221 1439 451 1482 nouvelles
478 1438 812 1481 elucubrations
832 1441 877 1480 et
903 1439 929 1480 ἐι
955 1438 1009 1480 (16
1037 1450 1277 1480 nouveaux
1303 1437 1500 1479 labeurs.
1526 1437 1560 1479 ll
1586 1450 1659 1481 au-

87 1516 173 1558 rait
198 1515 259 1558 du
285 1517 457 1568 suffire,
480 1516 507 1558 ὲ
531 1527 647 1558 vous
666 1518 711 1558 et
732 1516 758 1557 ἐι
778 1516 886 1564 moi,
911 1514 1083 1557 d'avoir
1102 1528 1208 1568 recu
1235 1516 1259 1557 a
1289 1516 1392 1557 bras
1413 1519 1597 1558 ouverts
1617 1515 1658 1557 16

85 1590 246 1636 lar-din
258 1590 331 1635 des
349 1593 574 1644 Pasteech,
596 1593 639 1635 16
658 1589 938 1635 Cande'labre
962 1590 1200 1650 mystique,
1216 1592 1259 1634 la
1282 1593 1418 1650 Ver-qe
1437 1589 1519 1635 d’A
1527 1605 1658 1644 aron,

90 1671 134 1714 la
159 1670 198 1713 T
193 1676 406 1728 rompette
423 1667 710 1723 sacerdotale,
739 1670 847 1712 dont
870 1670 911 1712 la
933 1670 1150 1725 Belgique
1169 1684 1195 1712 a
1222 1671 1403 1725 produit
1428 1671 1547 1712 deux
1578 1669 1665 1712 edi-

90 1748 226 1801 tions,
255 1751 301 1790 et
323 1748 367 1790 la
391 1747 560 1790 France
586 1761 677 1790 une
702 1760 819 1803 pour
845 1747 1067 1790 satisfaire
1095 1748 1160 1790 les
1186 1751 1390 1803 pasteurs
1410 1748 1463 1790 de
1484 1747 1666 1801 l'Eglise

94 1826 315 1869 Gallicane
331 1825 359 1868 ¹.
383 1825 507 1879 Mais,
529 1838 641 1869 vous
666 1826 848 1868 insistez
883 1829 927 1868 et
962 1838 1075 1869 vous
1101 1826 1263 1868 voulez
1290 1839 1379 1881 que
1401 1827 1448 1880 je
1476 1826 1561 1867 tire
1587 1826 1667 1867 des

93 1906 271 1946 cartons
296 1904 350 1946 de
374 1906 504 1946 notre
534 1902 690 1946 musee
721 1904 800 1946 des
835 1901 1146 1961 Explications
1163 1915 1286 1960 pour
1315 1901 1375 1945 les
1401 1900 1668 1945 Dimanches

93 1986 135 2022 et
159 1978 294 2024 Fetes.
323 1980 619 2035 Longtemps,
644 1983 691 2035 je
717 1982 840 2023 m'eu
861 1981 956 2023 suis
982 1980 1192 2023 defendu.
1223 1980 1287 2022 En
1309 1981 1432 2032 effet,
1456 1981 1550 2023 loin
1576 1981 1667 2022 d'a-

137 2080 147 2102 ¹
166 2079 246 2113 Ceci
266 2081 352 2113 etait
370 2081 458 2113 ecrit
477 2090 521 2113 en
543 2082 635 2114 1642.
658 2081 722 2113 Les
742 2081 890 2113 OEuvres
916 2081 958 2113 de
985 2080 1166 2114 Mas-cham
1186 2083 1249 2113 ont
1268 2090 1314 2113 eu
1347 2081 1485 2114 ensuite
1513 2081 1669 2114 d'autres

95 2127 249 2161 editions
267 2131 345 2161 tant
366 2137 410 2160 cn
430 2129 563 2161 France
584 2129 692 2171 qu’en
712 2129 891 2171 Belgique.
913 2128 1013 2170 (Note
1029 2128 1076 2160 du
1097 2128 1325 2169 traduc-tear).

233 2303 293 2338 ΑΙ)
315 2302 467 2340 DIVINI
489 2302 626 2339 VERBI
648 2302 905 2339 PRAECONES
926 2302 986 2338 ET
1015 2302 1271 2340 ANIMARUM
1296 2301 1530 2339 PASTORES

604 2423 1153 2479 PRAEFATIO

145 2545 207 2586 Ad
241 2546 595 2598 elucubrationes,
628 2559 844 2600 novosque
874 2547 1054 2596 labores,
1076 2559 1220 2587 rursus
1255 2546 1445 2587 evocetis
1465 2545 1675 2586 calamum

94 2604 334 2657 stylumque
354 2617 512 2654 meum,
533 2606 686 2658 oppido
706 2606 877 2653 lassum.
901 2606 1055 2659 quietis
1079 2606 1283 2659 cupidum
1304 2605 1436 2657 Typis
1470 2604 1675 2645 nuncium

10 2649 13 2673 ²
94 2663 308 2704 remittere
326 2668 538 2717 paratum.
561 2665 766 2706 Sufficere
786 2678 883 2706 cum
914 2665 1035 2716 mihi,
1058 2668 1148 2705 tum
1167 2665 1284 2705 vohis
1320 2664 1540 2714 debuerat,
1564 2663 1676 2716 quod

95 2720 226 2762 obviis
255 2723 366 2763 ulnis
396 2725 619 2777 excepistis
649 2724 823 2765 Hortum
857 2725 1086 2769 Pastorum.
1118 2723 1418 2766 Candelabrum
1448 2723 1673 2778 mysticum,

104 2779 264 2833 Vir-qam
283 2783 469 2832 Αανοηῖε,
495 2782 650 2824 Tabam
667 2783 964 2831 sacerdotalem,
987 2784 1140 2836 quibus
1160 2786 1253 2835 post
1273 2782 1504 2824 secundum
1527 2782 1676 2835 Belgio

95 2841 272 2892 praelum
308 2848 349 2882 et
383 2846 552 2896 typum,
586 2844 815 2885 Academia
852 2844 1036 2896 parisina
1070 2844 1244 2883 tertium
1281 2842 1412 2892 dedit,
1450 2842 1675 2884 Gallicanae

94 2899 286 2939 Ecclesiae
307 2902 549 2943 pastoribus
568 2905 616 2943 ut
635 2903 793 2944 faceret
806 2903 922 2953 satis,
938 2903 1011 2943 sed
1029 2902 1208 2942 ulterius
1226 2902 1406 2954 urgetis,
1422 2906 1471 2942 ut
1489 2902 1530 2941 in
1542 2900 1677 2942 Domi-

97 2958 203 2999 nieas
222 2965 259 2998 et
281 2957 394 3001 Festa
410 2960 709 3004 Elucidationes
729 2974 753 3004 e
773 2962 924 3004 Musaei
950 2961 1087 3003 nostri
1119 2960 1291 3004 latebris
1321 2962 1527 3003 emittam.
1547 2961 1680 3002 Excu-

308 3059 322 3088 1
1425 3053 1446 3092 1
