1858 3184
1573 189 1649 229 45¹

124 283 245 326 -G’est
263 282 473 337 peut-etro
490 291 596 334 pour
614 279 702 320 cela
723 278 827 332 qu'il
845 282 908 320 est
925 277 1031 318 ecrit
1050 288 1131 330 que
1151 276 1192 317 la
1211 277 1368 317 femme
1378 275 1568 330 (appelee
1582 277 1654 320 «le

84 349 220 402 grand
240 348 363 401 signe
386 363 405 385 n
427 351 468 388 et
485 345 710 397 designant
741 344 781 383 lu
817 343 1004 396 Vierge)‚
1027 343 1267 382 couronnee
1298 342 1486 382 d'etoiles
1514 346 1556 383 et
1585 355 1653 384 re-

82 415 208 455 116166
227 414 278 454 (16
298 412 430 462 561611,
452 413 515 452 est
533 412 798 451 tourmentee
818 421 925 462 pour
945 420 1018 447 son
1040 407 1347 448 enfantement.
1370 406 1468 447 Cela
1486 407 1654 459 signifie

83 478 237 532 qu'elle
256 470 316 519 est
335 478 498 531 pressee
516 475 616 515 d’un
639 474 774 527 grand
795 474 907 514 desir
926 473 1176 522 d’enfanter‚
1200 474 1510 524 accompagnee
1530 473 1654 514 d'une

81 544 198 584 vraie
217 542 448 584 sollicitudo
466 544 509 581 et
526 540 651 580 d'une
675 539 834 591 grande
854 539 1116 591 compassion
1147 537 1297 584 dame,
1321 549 1429 590 pour
1459 537 1654 578 enfanter

80 609 430 662 spirituellenrent
447 618 514 646 ces
533 605 742 645 membres
773 606 1006 656 mystiques
1024 604 1075 643 de
1096 615 1171 643 son
1191 603 1270 643 fils.
1299 603 1388 642 Elle
1419 606 1481 643 est
1515 603 1653 645 forceo

73 675 135 714 (16
153 674 318 715 chasser
335 683 433 712 avec
452 683 509 710 un
533 670 665 723 grand
685 671 744 710 cri
764 670 819 709 du
839 681 954 709 coeur
972 669 1012 709 16
1031 668 1195 720 drogon
1217 667 1291 720 qui
1311 668 1449 712 dresse
1470 668 1542 708 des
1560 680 1653 709 em-

80 739 238 780 1166665
255 741 280 778 ὰ
297 741 404 778 cette
424 735 670 788 generationi
691 736 741 775 de
762 735 827 775 fils
846 735 950 774 elus.

137 803 253 844 Ainsi
282 803 391 844 donc
419 806 514 841 tous
548 802 605 841 les
637 801 726 840 elus
759 804 854 840 sont
886 799 1095 840 membres
1113 803 1154 839 et
1175 799 1307 839 freres
1326 799 1380 838 du
1403 799 1541 838 Christ
1564 812 1573 839 :
1597 800 1658 839 lui

78 879 246 910 -comme
277 867 537 920 premier-ne
570 867 622 906 de
652 879 725 905 son
759 867 863 906 Pere
896 870 937 904 et
969 866 1019 905 de
1052 877 1096 904 sa
1128 865 1255 915 Mere,
1290 865 1457 904 ceux-ci
1494 877 1659 906 comme

82 935 214 986 ayant
231 935 297 973 ete
317 933 556 983 engendres
575 944 658 971 une
677 931 854 972 seconde
876 931 953 970 fois
973 943 1048 982 par
1069 931 1107 969 le
1128 931 1263 970 meme
1280 931 1383 969 Pero
1398 934 1439 969 et
1460 930 1499 969 la
1520 931 1659 971 meme

83 998 240 1040 Mera«
264 998 296 1038 Il
317 1010 422 1037 nous
442 1010 466 1037 a
487 997 639 1037 choisis
660 1010 767 1049 pour
786 998 874 1036 etre
894 996 1131 1035 conformes
1153 998 1174 1034 u
1195 995 1366 1047 l'image
1388 996 1439 1035 de
1459 1008 1534 1035 son
1557 995 1656 1046 Fils,

74 1062 169 1103 ofin
188 1062 289 1115 qu'il
310 1062 374 1101 fut
393 1061 517 1101 l'aine
537 1064 656 1101 entre
678 1061 885 1113 plusieurs
901 1061 1043 1100 freres.
1065 1059 1196 1111 (Rom.
1224 1071 1310 1108 vm,
1334 1060 1421 1112 29.)
1443 1075 1460 1095 n
1480 1060 1588 1100 C'est
1607 1060 1659 1101 de

83 1127 172 1168 6616
191 1140 269 1180 par
286 1129 546 1180 consequent.
565 1126 669 1179 qu'il
688 1130 750 1166 est
768 1127 841 1165 fnit
862 1126 1050 1165 mention
1073 1125 1266 1177 speciale,
1283 1125 1426 1176 quand
1441 1125 1469 1164 il
1484 1128 1547 1164 est
1566 1125 1628 1165 dit
1645 1136 1655 1164 :

89 1207 110 1231 ι
128 1192 259 1234 Marie
279 1193 452 1232 enfanta
471 1205 545 1232 son
566 1192 632 1231 fils
652 1191 927 1244 premier-ne.
951 1205 970 1228 »

138 1257 319 1310 J'ajoute
349 1270 430 1309 que
464 1269 510 1297 66
540 1257 638 1296 titre
660 1257 833 1308 indique
866 1257 906 1295 la
938 1256 1101 1306 dignite
1134 1255 1184 1295 (16
1217 1267 1262 1295 66
1294 1255 1391 1305 Fils‚
1427 1256 1564 1308 parmi
1594 1267 1659 1296 ses

86 1324 234 1363 freres.
267 1322 301 1362 Il
340 1323 443 1362 etait
474 1322 783 1362 effectivement
814 1321 1016 1360 autrefois
1048 1321 1103 1359 du
1136 1320 1281 1360 devoir
1312 1320 1367 1359 du
1400 1321 1659 1372 premier-ne

85 1380 248 1428 d'ovoir
265 1387 357 1427 soin
379 1387 430 1427 de
451 1399 514 1426 565
533 1390 672 1426 autres
693 1387 836 1432 freres,
873 1386 923 1425 de
957 1386 1048 1425 leur
1079 1386 1242 1425 donner
1275 1385 1367 1424 leur
1398 1390 1505 1437 part,
1529 1386 1580 1426 de
1601 1385 1660 1426 les

84 1453 288 1506 presider,
310 1453 361 1492 de
381 1452 440 1492 les
459 1452 594 1502 henin
638 1464 761 1504 parce
795 1464 876 1504 que
908 1452 945 1490 16
980 1451 1197 1490 saverdoee
1218 1451 1319 1490 etuit
1339 1453 1502 1491 annexe
1523 1453 1547 1491 6
1568 1451 1659 1493 l‘ai-

83 1530 220 1558 nesse.
242 1519 397 1558 Toutes
416 1530 482 1557 ces
501 1517 646 1557 choses
666 1529 707 1556 se
727 1519 973 1556 retr-ouvent
998 1528 1049 1555 en
1081 1516 1101 1556 J
1109 1515 1377 1564 esus-Christ,
1400 1516 1660 1568 premier-ne

83 1582 137 1622 de
151 1583 192 1622 la
206 1582 514 1634 Vierge-Mere.
537 1582 569 1623 11
591 1594 614 1621 n
634 1582 726 1620 soiu
741 1582 792 1621 de
817 1594 922 1620 nous
948 1592 1110 1620 comme
1125 1583 1241 1619 etant
1260 1592 1324 1620 ses
1339 1581 1484 1629 ireres,
1500 1581 1531 1620 il
1551 1593 1658 1621 nous

83 1647 251 1688 nourrit
268 1647 323 1687 du
346 1647 530 1687 froment
550 1646 600 1686 de
622 1645 662 1686 la
681 1646 842 1692 maison
864 1646 1108 1698 paternelle.
1124 1645 1156 1686 ll
1177 1657 1284 1685 nous
1298 1646 1439 1686 donne
1460 1659 1542 1687 une
1562 1650 1660 1700 part

78 1712 188 1753 dans
206 1724 281 1752 son
301 1712 510 1764 heritage,
533 1715 574 1751 et
594 1712 729 1751 meme
753 1723 834 1750 une
855 1710 1007 1750 double
1042 1711 1224 1759 portion,
1247 1723 1413 1751 comme
1445 1714 1564 1751 etant
1595 1725 1660 1753 ses

83 1777 215 1818 freres
233 1777 290 1817 du
310 1778 401 1816 6616
422 1776 472 1816 (16
491 1778 591 1828 pere
612 1780 653 1817 61
673 1776 724 1816 (16
747 1778 861 1816 mere
881 1775 1060 1828 (comme
1091 1776 1248 1828 Joseph
1273 1789 1381 1828 pour
1400 1776 1657 1831 Benjamin),

14 1828 28 1898 'f
85 1842 226 1882 saveir
243 1842 284 1882 la
302 1842 434 1881 vision
456 1842 507 1882 de
527 1854 572 1881 sa
591 1841 766 1881 divinite
789 1845 830 1880 et
850 1841 900 1880 de
920 1854 992 1880 sou
1012 1841 1248 1890 immanite,
1270 1841 1344 1893 qui
1376 1842 1585 1882 renferme
1619 1842 1661 1883 la

19 1918 27 1930 ⁴·
83 1905 240 1948 double
258 1906 473 1947 beatitudo
491 1907 547 1946 du
568 1919 689 1959 corps
707 1910 750 1946 61
769 1907 820 1946 (16
841 1905 980 1946 1’(“1616.
1003 1909 1097 1946 Aux
1128 1918 1275 1958 anges,
1298 1906 1371 1958 qui
1396 1918 1449 1946 66
1469 1911 1567 1947 sont
1596 1919 1662 1948 ses

810 199 931 231 NOEL.

138 2059 225 2096 Ideo
264 2059 423 2096 forsitan
461 2059 527 2096 itta
563 2059 699 2097 mulier
737 2060 856 2096 stellis
895 2059 1012 2096 ΜΑιιιΛ
1037 2060 1213 2106 «peperit
1232 2059 1355 2097 filium
1375 2071 1486 2097 suum
1515 2061 1661 2107 primo-

89 2111 284 2152 coronata,
305 2112 340 2143 ct
366 2107 445 2144 sole
475 2107 612 2144 amicta
642 2110 741 2154 (qnae
765 2122 778 2140 α
803 2109 855 2145 si·
895 2109 1108 2154 genitum.»

90 2165 208 2202 gnum
236 2165 454 2201 magnum»
490 2155 642 2200 dicitur,
664 2160 700 2192 61
732 2156 854 2202 Virgi-
944 2155 1060 2198 Addo,
1095 2155 1193 2200 quod
1226 2155 1297 2191 hoc
1328 2155 1435 2191 titulo
1474 2155 1665 2192 indicatur

10 2940 12 2952 >
59 2982 63 2988 ·
98 2957 234 2995 multis
251 2958 440 2997 fratribus.
464 2976 479 2996 n

91 2212 182 2240 nem
201 2203 386 2250 designat)
419 2203 597 2240 asseritur
624 2203 785 2240 cruciari
819 2210 855 2240 ut

88 2249 229 2297 pariat3
250 2251 337 2296 quia
354 2261 491 2297 magno
506 2255 541 2287 ct
563 2252 783 2297 praeguandi
797 2252 856 2288 (16-

89 2297 228 2335 siderio
252 2308 296 2335 ac
328 2298 586 2335 sollicitudine
617 2309 703 2335 cum
736 2300 856 2336 animi

89 2345 254 2390 quadam
295 2346 558 2393 compassione
602 2351 778 2391 urgetura
810 2348 857 2383 ad

91 2392 377 2438 βαι-1611666661
398 2394 639 2440 spiritualiter
660 2394 740 2430 haec
762 2405 859 2440 mys-

92 2438 283 2476 tica-Filii
320 2441 379 2478 sui
417 2441 598 2485 membra,
623 2446 659 2478 et
696 2443 858 2488 quadum

93 2485 260 2523 elamore
276 2488 400 2525 valido
419 2490 543 2526 cordis
562 2490 609 2526 ad
641 2490 759 2525 Deum
791 2501 857 2527 co-

93 2536 206 2586 natur
221 2533 352 2588 fugare
378 2535 596 2580 draconem,
620 2537 707 2573 huic
741 2548 858 2583 gene-

93 2583 233 2616 rattom
251 2580 416 2619 filiorum
435 2584 643 2622 electorum
670 2585 858 2621 insidian-

94 2630 184 2664 tem.
206 2628 335 2675 Itaque
366 2640 496 2668 omnes
526 2632 635 2669 electi
669 2638 704 2668 et
737 2643 858 2669 mem-

96 2673 166 2711 bro
201 2679 303 2720 sunt,
343 2680 380 2712 et
422 2677 553 2716 fratres
583 2679 750 2724 Christi;
795 2681 860 2717 1116

95 2724 300 2776 tamquam·
333 2722 606 2772 Primogenitus
663 2728 781 2764 Patris
825 2732 862 2764 et

95 2767 243 2823 uatus,
263 2770 303 2810 ht
324 2774 513 2818 tamquam
552 2775 718 2812 secundo
749 2777 859 2822 geni-

96 2820 127 2852 u
145 2816 316 2862 eJusdem
336 2817 454 2855 Patris
482 2823 519 2857 et.
548 2821 676 2859 Matris
698 2833 708 2860 z
734 2838 747 2855 «ι
778 2824 861 2860 Ele-

123 2863 270 2918 i.‘..¹¹⁰⁸.
301 2865 514 2904 conformes
548 2867 630 2906 fieri
681 2870 860 2917 imaginis

130 2910 187 2946 1111
215 2921 287 2954 sul,
309 2915 351 2948 ut
384 2917 480 2950 esset
535 2916 781 2964 rimogenitus
819 2918 860 2955 in

196 3005 203 3012 ·
247 3004 255 3013 ⁴
547 2963 653 3001 eillo
665 2965 778 3012 igitur
798 2966 861 3003 hic

98 3005 316 3051 specialiter
333 3007 476 3046 mentio
494 3007 552 3055 fit,
571 3010 664 3048 dum
684 3012 823 3050 dieitur
850 3024 859 3051 :

895 2203 1058 2248 dignitas
1099 2203 1181 2239 Filii
1222 2203 1335 2249 hujus
1372 2204 1469 2239 inter
1515 2203 1662 2239 fratres.

897 2251 1140 2295 Primogcniti
1162 2251 1265 2287 enim
1297 2251 1388 2287 olim
1422 2260 1561 2286 munus
1586 2254 1665 2286 erat

896 2302 1118 2335 caeterorum
1147 2299 1304 2334 fratrum
1337 2308 1467 2335 curam
1510 2298 1662 2342 habere,

897 2347 971 2382 illis
992 2347 1202 2392 portionem
1225 2346 1425 2392 impertiri,
1447 2346 1525 2382 illis
1546 2346 1664 2382 bene-

896 2395 1035 2437 dicere,
1057 2394 1144 2439 quia
1164 2394 1416 2430 sacerdotium
1438 2393 1666 2440 primogeni-

898 2447 991 2477 turae
1011 2447 1086 2477 erat
1107 2451 1316 2478 annexum.
1342 2442 1427 2478 llaec
1455 2441 1583 2477 omnia
1604 2451 1665 2476 re-

899 2490 1099 2535 66116616ιὲ
1138 2489 1177 2525 16
1223 2489 1370 2525 Christo
1412 2488 1665 2535 primogenito

899 2536 1061 2583 Virginis
1096 2537 1250 2580 Matris;
1291 2537 1356 2573 1116
1395 2536 1497 2572 66161
1536 2546 1666 2572 curam

899 2584 1010 2637 hebet
1029 2585 1148 2621 nostri
1169 2590 1348 2630 tanquam
1378 2584 1536 2620 fratrum
1574 2593 1664 2619 suo—

898 2632 1088 2679 rum‚ipse
1109 2643 1178 2669 nos
1198 2632 1317 2678 pascit
1336 2631 1525 2667 frumento
1539 2635 1666 2676 pater-

899 2691 957 2716 nae
977 2680 1125 2716 domus.
1163 2681 1245 2726 lpse
1277 2690 1345 2715 sua
1375 2679 1415 2715 in
1450 2678 1666 2714 haereditate

899 2733 1042 2775 partem
1080 2727 1191 2764 nobis
1228 2726 1406 2772 impertit,
1441 2730 1477 2762 et
1514 2726 1667 2772 quidem

898 2775 1091 2822 duplicem
1124 2774 1337 2820 portionem
1370 2778 1563 2819 tamquam
1587 2773 1668 2809 fra-

899 2823 1019 2859 tribus
1040 2833 1085 2858 ex
1106 2827 1263 2867 utroque
1283 2825 1437 2867 parente
1456 2821 1570 2866 (sicut
1600 2821 1666 2857 Jo-

899 2871 990 2917 seph
1026 2870 1280 2915 Benjamino)‚
1307 2869 1493 2905 visionem
1522 2867 1671 2905 56111661

899 2917 1106 2954 divinitatis
1127 2921 1162 2953 et
1184 2916 1447 2959 humanitatis,
1468 2926 1551 2962 quae
1571 2926 1667 2953 con-

900 2967 993 3002 tinet
1020 2964 1212 3010 duplicem
1245 2967 1321 3000 1616
1353 2963 1522 3011 corporis
1552 2973 1668 3011 quam

898 3012 1021 3050 animi
1065 3011 1350 3049 beatitudinem.
1402 3010 1553 3058 Angelis
1602 3010 1671 3059 qui.
