1858 3184
1649 146 1702 186 59

188 233 311 278 Voila
329 235 436 276 donc
453 232 664 288 pourquoi
677 243 787 279 ,nous
807 232 1028 273 adressons
1058 233 1084 271 6
1114 243 1159 272 66
1192 231 1503 283 Ἴθι-66166166,
1538 234 1564 272 a
1594 236 1702 273 cette

133 301 315 353 Sagesse
334 299 550 348 eternelle,
571 297 841 338 l’invocation
865 311 875 338 :
903 312 922 336 α
942 299 974 338 Ο
997 298 1190 349 8636556,
1223 297 1296 349 qui
1327 298 1414 337 6165
1443 297 1571 337 sortie
1591 297 1642 338 de
1660 298 1702 338 16

129 363 295 406 bouche
314 365 370 406 du
389 365 633 413 Tres-Haut,
654 374 785 404 venez
804 362 1074 403 maintenant
1106 374 1212 402 nous
1244 361 1471 414 enseigner
1498 361 1557 402 les
1589 362 1702 402 voies

131 430 184 471 de
202 430 243 471 16
261 429 487 484 prudence,
514 445 534 466 »
554 429 614 468 165
633 429 746 468 voies
765 428 817 468 de
835 427 877 467 la
900 427 962 467 vie
983 427 1202 478 eternelle,
1223 427 1300 467 but
1331 439 1438 480 pour
1467 427 1607 479 lequel
1627 427 1657 467 il
1676 439 1702 467 a

129 495 236 537 fallu
257 506 339 548 que
361 506 466 535 vous
485 493 634 534 fussiez
655 495 816 546 envoye
835 505 914 545 par
933 493 971 533 le
993 495 1110 533 Pere.

185 561 263 601 Les
281 560 408 600 saints
428 561 553 600 Peres
572 571 678 599 nous
697 559 887 599 donnent
907 558 1114 611 plusieurs
1134 558 1294 598 raisons
1318 570 1426 611 pour
1439 556 1661 610 lesquelles
1671 557 1703 597 it

129 637 156 666 6
174 627 239 666 616
257 625 510 665 convenabte
531 637 612 677 que
633 624 671 664 le
692 624 827 665 Verbe
858 622 1100 671 §ineat-nat,
1135 622 1271 675 plutOt
1291 634 1372 675 que
1392 622 1430 662 le
1452 623 1557 662 Pere
1584 633 1639 661 06
1660 621 1701 661 16

127 690 426 742 86161-Ε5ρ111,
448 690 631 743 quoique
652 690 691 730 16
711 690 816 729 Ρ616
835 691 877 729 61
898 689 935 728 16
956 688 1242 741 Saint·Esprit
1256 691 1422 728 eussent
1442 699 1497 739 pu
1518 685 1702 740 prendre

125 767 211 797 une
230 755 347 795 ehair
365 758 407 795 et
427 755 618 795 racheter
637 755 676 795 le
696 754 864 803 monde,
887 754 997 794 aussi
1028 754 1123 794 bien
1159 765 1240 806 que
1261 753 1300 793 le
1320 752 1420 793 Fils.
1442 753 1519 792 Ces
1539 753 1702 792 memes

124 819 288 861 raisons
307 819 399 860 font
419 832 500 872 que
522 832 628 859 nous
647 819 806 860 devons
825 819 1014 859 adresser
1045 822 1164 858 notre
1193 818 1331 871 priere
1361 830 1415 857 66
1447 818 1531 857 Fils
1561 816 1703 870 plutot

125 884 251 939 qu’au
273 886 376 925 Pere
395 897 449 924 ou
469 887 495 925 6
515 884 845 938 l'Esprit—Saint.
862 885 972 943 ‘Bien
991 895 1073 937 que
1093 896 1199 923 nous
1231 883 1404 923 devions
1423 882 1483 923 les
1502 881 1700 935 rappeler

123 961 275 992 encore
311 949 497 1011 61116615,
536 962 642 990 6065
678 951 814 990 allons
850 950 1113 990 brievement
1159 949 1378 1002 parcourir
1423 960 1491 988 ces
1537 948 1699 988 raisons

122 1026 178 1056 101
210 1027 220 1055 :

177 1082 221 1122 t⁰
239 1081 295 1121 Le
314 1080 497 1133 premier
516 1080 642 1121 motis
658 1093 700 1121 se
722 1081 801 1120 tire
820 1080 876 1120 du
895 1080 1026 1133 peche
1046 1080 1098 1119 de
1119 1082 1239 1119 notre
1267 1078 1451 1132 premier
1480 1080 1602 1129 Pere,
1623 1079 1701 1130 pe-

121 1144 199 1187 che
218 1157 300 1198 que
319 1145 616 1186 l'lncarnation
637 1146 751 1186 avait
770 1157 877 1198 pour
896 1146 971 1184 but
991 1145 1042 1185 de
1063 1146 1248 1197 reparer.
1260 1146 1315 1185 Le
1330 1143 1516 1196 premier
1527 1143 1700 1184 homme

120 1221 177 1252 en
194 1210 294 1251 effet
311 1210 424 1250 avait
446 1211 590 1263 peche,
614 1223 665 1251 en
684 1211 870 1250 desirant
890 1210 931 1250 la
950 1210 1107 1250 science
1129 1210 1182 1249 du
1206 1209 1302 1249 bien
1335 1212 1377 1248 61
1400 1208 1465 1249 du
1496 1207 1585 1248 mal
1615 1219 1696 1260 que

118 1275 162 1316 16
180 1276 358 1328 Serpent
376 1275 437 1316 lui
456 1276 571 1315 avait
589 1275 787 1328 promise,
809 1276 839 1314 il
858 1275 963 1314 61611
996 1275 1104 1314 (1066
1134 1273 1389 1314 convenable
1410 1273 1514 1326 qu’il
1540 1273 1607 1313 fut
1629 1285 1700 1314 ra-

120 1342 247 1382 mene
265 1343 290 1380 6
308 1341 415 1380 Dieu
434 1353 509 1394 par
529 1341 567 1381 le
587 1340 723 1382 Verbe
742 1340 793 1380 de
814 1340 854 1380 la
874 1340 987 1380 vraie
1009 1341 1188 1392 Sagesse
1222 1351 1275 1379 en
1308 1339 1382 1392 qui
1413 1342 1506 1379 sont
1539 1338 1698 1379 renfer—

121 1407 212 1446 mes
229 1405 291 1446 les
308 1407 464 1446 tresors
482 1405 532 1445 de
552 1405 593 1446 16
612 1405 790 1455 5616666,
812 1405 921 1445 66161
954 1405 1026 1457 qui
1059 1404 1196 1444 s'etait
1231 1403 1397 1456 eloigne
1417 1403 1469 1444 de
1494 1404 1599 1444 Dieu
1622 1415 1699 1455 par

122 1482 180 1511 un
198 1470 357 1524 appetit
376 1470 638 1511 desordonne
669 1470 720 1510 de
753 1471 795 1510 la
825 1470 1001 1510 science.
1026 1469 1122 1509 Puis
1154 1469 1262 1508 donc
1291 1481 1374 1521 que.
1395 1469 1433 1509 le
1454 1468 1564 1508 desir
1583 1468 1635 1508 de
1656 1468 1696 1508 la

121 1535 283 1576 science
302 1539 344 1576 ct
362 1536 413 1576 de
431 1535 473 1576 la
491 1534 794 1575 ressemblance
814 1534 1047 1583 avecDieu,
1065 1534 1137 1587 qui
1157 1539 1219 1574 est
1239 1534 1276 1574 le
1297 1546 1448 1586 propre
1468 1534 1523 1573 du
1545 1533 1647 1583 Fils,
1670 1545 1696 1573 6

121 1601 189 1641 ete
208 1611 289 1641 666
308 1600 496 1640 occasion
516 1600 567 1640 de
587 1600 724 1649 ruine,
746 1600 785 1640 16
806 1599 888 1639 Fils
908 1603 970 1639 est
990 1612 1115 1648 veuu,
1151 1612 1258 1652 pour
1291 1599 1331 1640 la
1361 1602 1547 1652 reparer,
1583 1611 1694 1639 sem-

119 1664 240 1706 111661
258 1665 347 1706 (1116
367 1677 467 1706 avec
485 1666 613 1706 Jonas
636 1677 644 1704 :
670 1666 754 1706 «Si
775 1665 816 1705 la
836 1666 1019 1718 tempete
1051 1678 1076 1704 6
1106 1666 1172 1705 616
1203 1664 1395 1705 soulevee
1428 1667 1453 1705 6
1484 1676 1607 1704 cause
1640 1664 1692 1703 de

120 1730 223 1782 moi,
242 1731 465 1783 jetez-moi
485 1733 510 1771 6
530 1730 571 1771 16
591 1742 696 1771 1661.
719 1730 825 1783 (Jon.
847 1731 975 1783 1,t3.)
993 1745 1012 1767 n
1039 1731 1155 1771 Cette
1171 1730 1307 1770 raison
1323 1742 1348 1770 6
1361 1732 1426 1769 616
1442 1730 1635 1782 produite
1655 1732 1699 1769 et

122 1796 344 1848 expliquee
363 1808 438 1848 par
457 1796 567 1836 saint
586 1795 787 1836 Bernard.
813 1795 884 1848 (1⁰³r
901 1808 1056 1835 sermon
1074 1808 1178 1849 pour
1210 1794 1387 1847 l’avent.)
1414 1796 1470 1835 La
1501 1795 1692 1846 Sagesse,

123 1860 197 1913 qui
215 1863 278 1900 est
295 1860 422 1902 sortie
443 1861 761 1902 eternellement
792 1861 843 1901 de
874 1861 915 1900 16
945 1861 1108 1901 bouche
1127 1861 1183 1900 du
1205 1862 1457 1908 Tres-Haut,
1479 1864 1541 1900 est
1560 1871 1695 1899 venue

123 1923 229 1966 dans
249 1925 286 1966 le
306 1929 458 1979 temps,
479 1927 565 1966 afin
596 1927 648 1966 de
679 1926 886 1966 satisfaire
918 1938 1025 1978 pour
1045 1925 1086 1965 la
1108 1926 1208 1966 folle
1228 1929 1270 1966 et
1288 1938 1395 1978 pour
1414 1925 1452 1965 le
1473 1925 1601 1977 peche
1623 1924 1695 1977 qui

715 184 723 190 .
773 153 799 185 0
827 153 1060 187 sumum.

121 2066 214 2104 tiam
234 2067 340 2104 illam
359 2071 539 2105 aeternam
559 2068 835 2105 inclamamus:
858 2068 888 2104 Ο

121 2114 329 2163 Sapientia,
349 2116 414 2163 qui
446 2126 491 2152 ex
511 2126 575 2153 ore
596 2116 777 2153 Altissimi
799 2127 886 2162 pro-

122 2162 242 2207 diisti,
264 2164 349 2199 veni
370 2173 473 2200 nunc
505 2164 551 2200 ad
583 2164 797 2201 docendum
818 2174 888 2199 nos

121 2209 222 2247 viam
235 2211 461 2257 prudentiae,
475 2226 487 2243 u
500 2212 597 2247 viam
610 2216 762 2248 aeternae
784 2211 882 2251 vitae,

927 2079 972 2104 ex
993 2072 1096 2115 parte
1116 2068 1228 2115 primi
1250 2069 1408 2115 pcccati,
1422 2080 1443 2103 a
1464 2067 1694 2121 protoplasto

927 2116 1137 2158 commissi,
1169 2116 1230 2152 cui
1263 2120 1302 2152 ut
1335 2116 1547 2152 remedium
1567 2115 1693 2151 Incar-

928 2164 1031 2199 66110
1073 2163 1331 2200 ordinabatur.
1374 2164 1421 2199 Pe
1446 2166 1549 2199 carat
1591 2162 1695 2198 enim

929 2212 1072 2257 primus
1104 2211 1216 2247 homo
1253 2214 1463 2257 appeteuo
1496 2210 1693 2263 scientiam

121 2257 317 2342 obpquam
344 2268 497 2295 causam
522 2259 620 2321 mitti
653 2263 688 2295 16
724 2259 887 2306 oportuit

122 2315 146 2343 a
197 2310 288 2342 atre.

169 2353 214 2389 Et
232 2357 334 2390 certe
354 2354 483 2389 multae
502 2358 590 2390 sunt
610 2354 804 2390 rationesa
822 2353 884 2389 SS.

119 2400 234 2438 etiam
249 2400 420 2438 Patribus
439 2401 655 2442 insinuatae,
677 2411 743 2438 cur
764 2402 889 2448 potius

119 2456 331 2494 congruum
352 2448 463 2485 fuerit
484 2449 613 2485 venire
644 2448 806 2500 Verbum
833 2449 888 2485 in-

119 2501 331 2539 car-natum,
346 2506 459 2542 quam
474 2496 620 2532 Patrem
630 2500 693 2532 aut
706 2497 886 2541 Spiritum

119 2541 299 2580 Sanctum
321 2543 407 2580 licet
426 2554 532 2590 aeque
554 2544 659 2581 Pater
673 2548 706 2580 et
729 2543 887 2590 Spiritus

120 2587 281 2627 Sanctus
294 2601 447 2628 caruem
463 2602 629 2636 sumere,
648 2595 682 2627 et
704 2592 887 2628 redimere

120 2638 307 2675 mundum
327 2638 552 2685 potuissent,
571 2649 615 2675 66
646 2638 774 2675 Filius
797 2641 887 2683 Quae

122 2684 276 2730 quidem
295 2686 462 2723 rationes
475 2686 589 2723 etiam
610 2687 767 2731 faciunt,
789 2687 885 2723 utad

120 2729 247 2777 ipsum
257 2733 380 2780 potius
392 2744 522 2771 vocem
537 2733 759 2779 dirigamus,
774 2745 885 2781 quam

123 2778 171 2815 ad
202 2778 346 2818 Patrem
382 2786 446 2818 aut
478 2781 658 2828 Spiritum
692 2782 881 2818 Sanctum.

123 2825 200 2862 nas
219 2836 306 2881 vero
329 2829 494 2866 rationes
514 2828 675 2866 breviter
694 2839 887 2876 percurra-

121 2882 223 2926 mus,
261 2873 348 2928 licet
377 2875 468 2914 alibi
504 2875 641 2914 iterum
673 2877 889 2914 memineri-

121 2929 224 2959 mus.

171 2967 298 3005 Prima
327 2969 478 3015 quidem
510 2970 604 3008 ratio
635 2971 734 3008 sumi
767 2975 889 3018 potest

928 2259 1016 2294 boni
1037 2263 1071 2294 et
1094 2258 1183 2294 mali
1204 2270 1225 2294 6
1246 2264 1419 2305 serpente
1440 2267 1666 2305 promissam
1684 2268 1692 2293 :

917 2316 1138 2352 congruum
1159 2317 1246 2351 ergo
1267 2311 1360 2352 erat,
1384 2311 1421 2342 ut
1444 2316 1508 2352 per
1531 2304 1694 2342 Verbum

928 2365 1023 2390 vera„²
1053 2355 1268 2400 Sapientiae,
1290 2358 1324 2389 61
1345 2364 1410 2400 per
1431 2353 1537 2389 illum
1560 2352 1599 2388 16
1645 2362 1694 2389 60

928 2402 1091 2438 thesauri
1113 2401 1282 2438 scientiae
1302 2407 1389 2438 5661
1411 2400 1609 2443 reconditi,
1658 2410 1696 2437 o·

928 2460 989 2485 mo
1027 2450 1268 2486 reduceretur
1300 2449 1336 2485 in
1374 2450 1503 2490 Deum,
1538 2448 1602 2494 qui
1627 2458 1694 2494 per

927 2497 1184 2534 inordinatum
1212 2497 1420 2543 appetitum
1442 2495 1612 2532 scientiae
1631 2505 1693 2532 re-

927 2549 1088 2581 cesserat
1106 2557 1128 2580 a
1145 2545 1232 2581 Deo.
1254 2546 1346 2580 Cum
1367 2554 1454 2589 ergo
1479 2542 1600 2580 ruinae
1633 2553 1694 2579 oc-

926 2592 1118 2628 casionem
1138 2592 1282 2628 dederit
1308 2591 1495 2638 appetitus
1523 2591 1694 2628 scientiae

926 2644 960 2676 et
982 2640 1244 2676 similitudinis
1266 2639 1346 2682 Dei,
1366 2648 1451 2685 quae
1470 2643 1613 2686 spectat
1644 2638 1691 2674 ad

927 2687 1048 2723 lilium
1084 2698 1092 2724 :
1127 2692 1210 2723 ideo
1246 2686 1361 2722 Filius
1381 2686 1496 2730 venit,
1518 2691 1559 2722 ut
1584 2685 1689 2722 illam

928 2741 1127 2780 repararet,
1150 2734 1256 2780 quasi
1275 2734 1417 2771 diceret
1445 2744 1533 2770 cum
1563 2734 1659 2769 Jona
1681 2744 1690 2769 :

929 2798 942 2813 u
967 2782 1004 2818 Si
1027 2787 1176 2828 propter
1208 2791 1268 2817 me
1299 2785 1379 2818 orta
1397 2786 1452 2818 est
1473 2784 1690 2827 tempestas,

927 2830 1061 2866 mittite
1091 2839 1151 2865 me
1183 2828 1220 2864 in
1256 2839 1371 2866 mare.
1397 2845 1411 2863 ι
1445 2829 1548 2865 Hanc
1583 2827 1691 2865 ratio-

928 2878 1069 2912 tionem
1107 2875 1228 2920 affert,
1261 2881 1295 2912 et
1327 2876 1492 2923 explicat
1523 2877 1559 2912 S.
1601 2875 1691 2912 Ber-

928 2924 1079 2960 nardus.
1105 2924 1247 2970 ltaque,
1267 2923 1457 2971 Sapientia
1468 2933 1552 2970 quae
1566 2933 1611 2960 ex
1624 2933 1690 2960 ore

927 2970 1107 3008 Altissimi
1126 2971 1266 3018 prodiit
1284 2976 1440 3017 aeterno,
1460 2971 1502 3008 in
1521 2975 1690 3018 tempore
