1858 3184
841 164 1054 197 nonnus.
1647 155 1734 198 :1⁸6

153 245 399 290 ,tablemont
425 247 494 287 cet
526 241 797 299 ,attjourd’hm'
833 255 918 296 que
966 243 1152 296 l’Apotre
1194 242 1442 296 interprete,
1481 253 1536 283 en
1573 241 1735 296 l'appli-

162 315 297 365 quant
315 311 397 352 ala
414 309 630 351 naissmoe
649 308 851 350 etei-nelle
871 309 927 350 du
948 309 1048 350 Fils.

212 378 256 417 2⁰
274 375 325 417 Je
346 387 445 418 vous
473 375 519 416 αἱ
543 373 740 428 myendre
769 373 1045 428 aujourd'hui‚
1067 372 1314 414 c'est-a-dire
1345 372 1450 413 dans
1478 371 1518 412 le
1544 372 1644 424 jour
1675 373 1733 414 du

159 443 312 494 temps,
329 441 373 494 J‘e
390 451 496 494 vous
512 440 555 480 ai
571 439 790 491 engendre
823 439 881 480 du
908 439 996 479 sein
1031 439 1082 479 de
1101 441 1221 478 votre
1240 439 1370 488 mere,
1393 449 1497 477 vous
1524 436 1598 489 qui
1616 436 1735 477 aviez

159 506 341 560 procede
354 505 406 546 de
422 506 541 546 toute
559 505 737 545 etei-nite
757 504 809 545 de
829 516 927 544 mon
946 503 1033 544 sein
1052 514 1214 543 comme
1234 504 1350 555 pere.
1372 503 1482 543 C'est
1501 501 1737 554 l'interpre-

158 571 296 612 tation
330 570 382 612 de
418 562 604 622 l'Eglise,
625 570 821 611 instruite
858 582 936 623 par
972 569 1012 610 le
1043 568 1335 621 Saint·Esprit,
1358 567 1464 608 dans
1499 567 1653 608 l'office
1682 566 1736 608 de

160 635 279 678 Noel.
311 669 314 673 Α

213 702 257 742 3⁰
273 698 322 740 le
335 711 431 740 vous
447 700 493 740 ai
506 698 702 753 enqendre‘
719 698 995 754 auJourd'hm,
1017 698 1289 748 c’est-a—dire,
1308 698 1354 750 je
1373 708 1477 738 vous
1510 696 1551 737 ai
1576 696 1656 737 tire
1675 696 1734 738 du

162 764 251 807 sein
268 764 326 806 du
345 765 547 818 sepulcre,
568 776 622 805 en
642 777 744 805 vous
764 764 941 805 rendunt
959 767 984 804 a
1004 776 1087 804 une
1109 763 1303 805 nouvelle
1324 763 1405 812 vie,
1429 775 1484 803 en
1505 774 1609 802 vous
1627 762 1735 803 don-

160 833 267 872 nant
284 842 342 871 un
360 831 513 871 nouvel
531 830 695 881 Orient,
717 842 880 870 comme
900 842 981 870 une
1001 829 1179 870 seconde
1202 828 1467 881 generation.
1484 828 1656 868 Comme
1674 839 1735 868 un

161 894 321 950 phenix
339 907 534 936 nouveau
553 896 658 936 sorti
676 895 728 936 de
747 908 819 936 vos
841 896 1030 944 cendres,
1049 895 1092 947 je
1115 907 1216 934 vous
1236 894 1275 933 ai
1307 893 1542 946 engendre,
1558 892 1604 945 je
1632 904 1737 932 vous

160 960 205 1002 ai
223 960 443 1002 ressuscita
463 961 566 1002 dans
586 965 692 1002 cette
711 960 995 1001 resurrection
1018 960 1228 1012 glorieuse
1251 963 1292 999 et
1310 958 1508 1000 brillante
1528 957 1603 1010 qui
1632 969 1738 999 vous

161 1037 188 1066 a
205 1025 284 1067 fait
297 1040 317 1063 ι
339 1026 378 1067 le
395 1026 580 1079 premier
599 1029 652 1067 ne
671 1026 835 1067 d’entre
854 1026 914 1067 les
935 1030 1081 1066 morts.
1105 1039 1124 1062 n
1149 1025 1353 1078 L'Apotre
1387 1023 1509 1064 Saint
1537 1023 1680 1064 Pierre
1711 1034 1737 1062 a

162 1091 359 1144 explique
381 1103 428 1132 ce
447 1095 560 1133 texte
580 1103 633 1132 en
653 1091 934 1145 l’appliquant
953 1094 978 1131 a
998 1096 1103 1131 cette
1125 1090 1423 1131 resurrection.

150 1187 151 1190 η
213 1157 326 1196 Nous
345 1168 399 1197 ne
418 1169 607 1210 pouvons
627 1157 734 1198 donc
753 1157 905 1197 douter
925 1169 1006 1209 que
1026 1156 1339 1208 l'Esprit-Saint
1371 1154 1475 1194 n'ait
1507 1166 1560 1194 eu
1581 1165 1633 1193 eu
1654 1164 1738 1193 vue

160 1232 208 1261 ce
228 1220 353 1274 triple
372 1233 480 1270 sens,
503 1227 646 1274 etque
667 1223 738 1262 des
757 1222 842 1262 lors
860 1222 898 1262 le
931 1234 1032 1261 nom
1065 1222 1256 1261 d’Orient
1288 1232 1341 1259 ne
1375 1219 1609 1260 convienne
1639 1229 1736 1271 par·

162 1285 385 1327 faitement
402 1288 428 1326 a
447 1289 479 1328 N
485 1286 809 1339 utre-seigneur
825 1287 847 1327 J
852 1286 1123 1327 esus-Christ.

215 1350 324 1392 c’est
342 1363 435 1392 vers
454 1355 519 1391 cet
537 1352 684 1392 Orient
704 1364 785 1404 que
805 1352 857 1392 de
877 1356 996 1392 toute
1015 1352 1196 1391 eternite
1211 1350 1484 1401 regardaient
1497 1349 1556 1389 les
1576 1348 1737 1398 Saints,

164 1416 408 1458 souhaitant
427 1416 530 1470 qu'il
549 1429 592 1457 se
613 1418 725 1457 levet
742 1418 857 1457 enlin
877 1417 981 1457 dans
1012 1417 1050 1456 le
1083 1420 1218 1469 temps
1249 1416 1374 1455 d'une
1395 1416 1511 1455 mere
1532 1413 1640 1454 celui
1661 1413 1736 1466 qui

162 1482 215 1523 de
252 1485 368 1523 toute
405 1482 580 1522 eternite
618 1482 754 1522 s’etail,
789 1482 880 1522 leve
918 1482 1019 1521 d'un
1060 1483 1177 1529 Pete,
1209 1483 1250 1521 et
1287 1480 1399 1520 vona
1437 1478 1647 1532 pourquoi
1685 1477 1737 1519 ils

165 1546 341 1587 oriaient
363 1560 372 1587 :
399 1561 419 1585 «
439 1548 472 1588 Ο
491 1547 652 1596 Orient,
674 1547 699 1586 ὁ
717 1546 945 1599 splendeur
976 1547 1027 1586 de
1060 1547 1101 1586 la
1132 1546 1310 1586 lumiere
1330 1543 1550 1595 eternelle,
1573 1546 1598 1584 ὁ
1617 1543 1736 1584 soleii

161 1610 212 1652 de
228 1611 404 1663 justice!
427 1626 448 1648 υ
471 1611 526 1652 Ils
544 1612 765 1652 adoraient
783 1615 848 1652 cet
867 1612 1013 1653 Orient
1032 1611 1210 1661 eternel,
1231 1610 1390 1664 auquel
1421 1612 1543 1650 notre
1570 1610 1734 1660 orient,

158 1676 200 1718 le
219 1676 334 1717 lever
363 1677 415 1719 do
446 1679 584 1717 toutes
615 1677 774 1728 choses,
798 1673 956 1729 Auges,
978 1678 1169 1718 hommes
1200 1679 1244 1717 et
1274 1680 1412 1717 toutes
1451 1681 1591 1716 autres
1618 1676 1737 1716 crea·

159 1743 290 1791 turm,
315 1741 404 1782 doit
421 1742 652 1794 hommage
672 1746 715 1782 et
733 1743 958 1783 servitude.
972 1743 1082 1782 Elles
1104 1742 1343 1795 dependent
1361 1753 1413 1781 en
1435 1740 1535 1782 esset
1554 1740 1605 1780 de
1626 1739 1736 1780 celui

159 1805 234 1859 qui
251 1809 316 1847 est.
332 1807 374 1847 le
393 1807 528 1850 Verbe
547 1810 590 1847 et
610 1808 647 1848 le
668 1807 752 1848 Fils
770 1808 826 1848 du
847 1809 965 1856 Pare,
990 1821 1067 1861 par
1099 1808 1170 1860 qui
1203 1807 1262 1847 les
1298 1807 1443 1847 siecles
1462 1806 1739 1847 eux-memes

161 1873 237 1912 ont
254 1873 319 1912 ete
339 1871 452 1922 faits,
475 1873 526 1912 de
546 1874 618 1926 qui
637 1873 878 1925 dependent
897 1877 939 1914 et
958 1874 1146 1913 naissent
1161 1872 1498 1914 non-seulement
1519 1876 1641 1911 notre
1662 1870 1730 1910 vie

142 2942 145 2947 ·
157 2924 361 2972 Apostolus

139 2971 288 3021 &gere
298 2983 502 3022 possumus
513 2975 702 3025 triplicem
714 2978 826 3017 illum
839 2988 921 3018 sen-

159 2024 312 2072 quidem
348 2039 362 2058 u
387 2025 518 2062 Hodie.
543 2041 556 2060 ι
594 2026 670 2063 lloc
702 2026 927 2073 interpreta-

158 2076 223 2110 tur
241 2073 288 2110 de
306 2077 446 2110 {eterna
466 2074 660 2110 nativitate
678 2074 761 2110 Filii
776 2075 927 2120 Aposto-

158 2119 224 2174 lus
251 2121 345 2167 ipse.
379 2121 574 2165 Secundo,
608 2122 684 2168 Ego
717 2122 828 2159 hodie
860 2134 926 2167 ge-

158 2176 228 2206 nui
246 2172 294 2214 te,
318 2168 390 2205 hoc
409 2173 479 2213 est,
501 2169 540 2205 in
562 2169 633 2206 hoc
650 2169 712 2206 die
732 2171 926 2216 temporis,

158 2225 181 2252 e
200 2216 331 2253 matris
368 2216 454 2252 sinu
493 2217 668 2262 generavi
701 2222 750 2263 te,
783 2218 847 2264 qui
880 2218 927 2254 ab

158 2267 301 2300 aeterno
319 2273 340 2300 e
358 2264 443 2300 sinu
467 2275 551 2301 meo
585 2269 776 2311 tamquam
810 2266 927 2301 Patris

157 2310 245 2347 sinu
276 2321 524 2358 processeras
568 2312 623 2348 Ita
662 2313 928 2359 interpretatur

158 2357 342 2412 Ecclesia,
363 2369 385 2395 a
413 2360 553 2406 Spiritu
572 2360 709 2396 Sancta
729 2361 926 2404 instructa,

157 2414 201 2442 m
211 2405 338 2443 officio
355 2406 497 2444 Natalis
513 2407 676 2444 Domini.
687 2408 826 2451 Tertio,
851 2409 927 2454 Ego

160 2451 271 2490 hodie
289 2454 406 2500 genui
426 2458 486 2498 te3
508 2454 546 2490 id
566 2460 635 2499 est,
653 2466 750 2492 novo
763 2455 926 2503 quodam

159 2499 326 2545 Oriente,
359 2512 458 2540 nova
483 2504 779 2549 regeneratione,
813 2513 835 2540 e
865 2514 927 2540 se-

158 2547 290 2594 pulcro
329 2553 519 2596 tamquam
569 2554 675 2590 utero
718 2555 753 2587 te
798 2550 926 2595 eduxi,

159 2603 267 2632 novte
304 2596 465 2634 reddens
508 2597 609 2642 vitae,
652 2602 688 2634 et
735 2603 927 2645 tamquam

160 2640 364 2681 Ph'enicem
383 2654 525 2681 novum
555 2655 602 2681 ex
633 2645 828 2683 cineribus
854 2646 927 2684 tuis

160 2692 199 2743 te
234 2690 361 2737 genui,
392 2695 428 2728 te
463 2692 655 2736 suscitavi,
686 2693 726 2729 in
763 2694 927 2740 gloriosa

159 2735 228 2772 itta
275 2741 312 2774 et
336 2738 498 2786 tulgida
525 2741 815 2786 resurrectione,
854 2751 927 2788 qua

159 2783 281 2820 factus
317 2794 357 2822 es
385 2799 400 2820 ι
435 2786 712 2834 Primogcnitus
755 2793 926 2826 mortuo-

158 2840 259 2885 rum.
286 2844 300 2863 ι·
325 2831 378 2869 De
396 2832 468 2871 hac
498 2836 788 2879 resurreetione,
809 2836 924 2874 etiam

158 2877 266 2915 lllam
298 2879 520 2963 scripturam
563 2882 831 2929 interpretatus
869 2888 927 2921 est

402 2930 515 2965 etrus.
525 2930 757 2984 Quapropter
767 2931 828 2967 vix
838 2941 900 2968 am
907 2952 923 2958 -

966 2037 1049 2063 sum
1072 2026 1209 2073 Spiritu
1231 2028 1368 2064 Sancto
1385 2036 1466 2062 esse
1482 2026 1684 2068 intentum,
1701 2030 1740 2062 et

967 2080 1161 2121 propterea
1199 2075 1313 2111 etiam
1352 2074 1550 2120 tripliciter
1589 2073 1740 2110 Christo

970 2124 1128 2159 Domino
1159 2122 1325 2159 Orientis
1361 2131 1503 2158 nomen
1541 2120 1741 2166 aptissime

966 2170 1185 2207 convenire.

1015 2219 1065 2253 Ad
1082 2218 1191 2254 illum
1206 2228 1293 2261 ergo
1309 2216 1502 2252 Orientem
1516 2214 1564 2251 ab
1579 2218 1739 2257 aeterno,

968 2265 1218 2311 respiciebant
1244 2265 1468 2301 Sanctorum
1507 2267 1670 2305 mentes,
1701 2266 1740 2298 et

965 2313 1264 2359 deprecabantur
1289 2317 1328 2348 ut
1347 2313 1509 2348 oriretur
1525 2311 1678 2346 tandem
1696 2309 1739 2346 in

968 2365 1134 2407 tempore
1161 2372 1205 2396 ex
1228 2360 1360 2398 Matre.
1382 2360 1446 2406 qui
1484 2363 1572 2394 ante
1606 2357 1738 2394 omnia

967 2409 1104 2444 saecula
1123 2412 1227 2444 ortus
1254 2412 1332 2444 erat
1351 2418 1396 2443 ex
1429 2409 1552 2448 Patre,
1585 2409 1622 2441 et
1651 2405 1738 2442 ideo

966 2456 1180 2492 clamabant
1204 2466 1212 2492 ε
1235 2456 1266 2492 O
1303 2456 1454 2495 Oriens,
1488 2454 1518 2488 O
1551 2452 1737 2499 Splendor

968 2504 1063 2540 lucis
1082 2509 1248 2547 aeternae,
1272 2504 1301 2538 Ο
1321 2503 1382 2538 Sol
1401 2500 1580 2547 justitiae!
1605 2500 1741 2537 Adora·

968 2551 1057 2588 bant
1085 2552 1279 2588 Orientem
1312 2551 1421 2586 illum
1455 2553 1656 2593 aeternum,
1675 2548 1739 2584 cui

966 2604 1094 2635 noster
1131 2599 1281 2641 Oriens,
1333 2597 1583 2641 omniumque
1633 2599 1741 2632 ortus

966 2657 1106 2690 rerum,
1128 2647 1204 2682 sive
1235 2644 1478 2690 Angelorum,
1499 2643 1577 2680 sive
1610 2642 1739 2680 homi-

965 2704 1076 2735 num,
1098 2694 1176 2730 sive
1200 2693 1359 2729 aliarum
1381 2695 1653 2734 creaturarum,
1674 2690 1738 2726 ho-

966 2742 1130 2788 magium
1148 2740 1255 2777 debet
1278 2743 1314 2775 et
1331 2739 1560 2775 servitutem.
1583 2738 1638 2774 Ab
1669 2737 1740 2774 illo

965 2790 1068 2826 enim
1087 2788 1315 2834 dependent,
1337 2786 1401 2834 qui
1435 2786 1553 2823 Patris
1573 2784 1737 2822 Verbum

965 2842 1001 2873 et
1024 2837 1139 2872 Filius
1159 2839 1237 2878 est;
1268 2845 1334 2880 per
1364 2843 1476 2880 quem
1498 2833 1588 2870 fecit
1607 2837 1644 2869 et
1662 2843 1738 2870 εω-

965 2884 1075 2927 cula;
1096 2894 1118 2918 a
1138 2892 1212 2928 quo
1240 2892 1320 2918 non
1339 2882 1463 2918 solum
1484 2882 1561 2917 vita
1591 2884 1628 2916 et
1654 2889 1741 2917 esse

965 2935 1139 2967 nostrum
1171 2929 1381 2976 corporale,
1403 2929 1469 2966 sed
1505 2932 1542 2965 et
1579 2928 1658 2964 vita
1690 2937 1740 2964 ac

965 2988 1047 3015 esse
1091 2976 1301 3024 spirituale,
1350 2975 1652 3024 supernaturale,
1700 2979 1741 3013 et
