1858 3184
0 2065 11 2454 ›ns-ffiwwvaev———q-v*
0 2019 8 2042 ‹z-
0 1946 5 1953 -
0 1883 6 1914 -
0 1840 2 1851 ἡ

797 176 988 218 vuum.
1639 174 1687 214 4¹

118 267 328 309 d'nmour.
341 265 477 322 (Cant.
493 277 523 316 1,
538 264 644 319 14.)»
663 266 716 307 Et
728 269 793 306 cet
805 268 926 307 autre
941 278 981 306 z«
994 264 1104 313 Qu'il
1118 276 1185 304 me
1199 264 1340 304 donne
1353 275 1411 303 un
1425 263 1565 303 baiser
1577 262 1631 304 de
1643 274 1692 304 sa

119 331 434 386 bouche‚(.Cant.
446 342 477 382 1,
495 331 574 384 l.)»
589 342 752 372 comme
765 331 799 371 si
813 331 893 371 elle
909 331 1033 371 disait
1046 343 1056 370 :
1070 328 1418 371 Non-seulement
1432 327 1476 380 je
1490 328 1690 369 souhuite

122 397 220 438 uuir
245 410 345 439 mon
375 397 507 450 esprit
526 409 580 437 au
601 397 706 447 sien,
729 409 828 437 mon
860 409 977 438 eoeur
996 398 1021 435 ὰ
1040 407 1117 436 son
1146 407 1277 443 coeur,
1298 406 1344 434 ce
1364 405 1445 446 que
1465 392 1690 433 l’efl'ection

118 465 240 503 toute
264 462 378 502 seule
408 461 580 514 produit
611 460 738 502 d'une
770 462 954 502 certaine
973 461 1093 513 sacen
1125 466 1244 500 entre
1275 460 1348 499 des
1379 458 1562 506 absente,
1582 458 1691 498 mais

120 539 273 568 encore
286 527 332 579 ‚ie
351 526 486 567 desire
506 527 566 567 lui
594 526 734 580 parler
752 527 842 567 face
864 528 889 566 ὲ
909 527 1014 575 face,
1037 526 1200 566 bouche
1229 527 1255 565 ὲ,
1279 524 1458 576 bouche,
1480 527 1522 563 et
1540 523 1579 564 le
1598 522 1691 562 voir

119 591 248 633 cache
265 603 362 632 sous
387 591 426 632 le
447 591 556 632 voile
575 592 627 632 de
649 604 718 632 ma
738 591 870 642 chair,
893 591 1155 632 l'embrasser
1173 593 1267 630 tout
1296 590 1403 643 petit
1421 589 1568 629 enfant
1598 599 1690 627 sus·

118 656 259 710 pondu
279 658 304 696 ὰ
322 668 411 697 mes
441 657 552 708 bras,
573 657 774 698 l'enlacer
807 669 969 698 comme
1002 669 1059 697 un
1092 656 1236 696 collier
1266 658 1291 694 ὰ
1322 667 1422 696 mon
1454 666 1550 694 cou.
1572 654 1688 694 Non-

117 722 352 762 seulement
366 722 411 774 Je
429 722 564 763 desire
584 723 623 763 le
643 724 785 776 placer
803 726 922 762 entre
942 734 1030 762 mes
1057 721 1170 770 briis,
1193 733 1355 762 comme
1373 732 1431 760 un
1455 731 1565 772 gage
1583 720 1690 759 tres-

115 786 217 827 cher
235 788 261 826 ἡ
278 799 380 828 mon
399 799 530 836 eoeur,
553 788 658 833 mais
688 800 839 828 encore
860 788 904 840 je
925 799 1036 827 veux
1066 787 1107 827 le
1138 788 1352 839 presenter
1379 797 1465 825 nux
1496 784 1687 836 regards,

117 863 199 892 aux
216 852 582 903 embrassements,
597 856 623 894 a
640 853 891 894 l’adoration
911 854 967 893 du
989 852 1142 894 monde
1161 852 1310 900 entier,
1327 862 1491 891 comme
1509 849 1690 890 lumiere

117 920 160 957 et
177 917 245 958 vie
264 917 316 958 de
333 917 549 959 l'univers.

170 982 204 1023 ll
223 986 286 1023 est
305 983 733 1024 tres-vraisemblable
754 996 835 1035 que
861 984 901 1023 la
935 984 1103 1035 vierge,
1127 984 1241 1023 mere
1276 982 1327 1021 de
1359 982 1478 1029 Dieu,
1502 980 1691 1034 pendant

117 1047 270 1100 qu'elle
289 1048 539 1090 renfermait
557 1061 708 1089 encore
721 1049 826 1088 dans
844 1061 918 1088 son
939 1049 1028 1088 sein
1050 1050 1165 1088 sacre
1187 1051 1250 1088 cet
1272 1048 1419 1087 enfunt
1438 1047 1571 1095 divin,
1588 1058 1613 1085 a
1633 1045 1691 1086 du

113 1116 294 1153 souvent
312 1125 408 1154 user
428 1115 479 1154 de
498 1114 663 1167 parolcs
694 1113 943 1154 semblables
974 1116 999 1153 ἰι
1029 1113 1153 1154 celles
1185 1113 1236 1152 de
1268 1126 1342 1152 son
1375 1112 1488 1152 eieul
1521 1110 1686 1151 David:

121 1177 257 1218 «Mon
277 1190 394 1218 coeur
413 1191 515 1219 vous
546 1178 601 1219 l'a
631 1179 707 1228 dit,
741 1191 840 1219 mon
874 1179 1018 1230 visege
1050 1191 1155 1218 vous
1188 1190 1213 1218 a
1244 1177 1437 1227 cherche,
1461 1177 1688 1228 seigneur,

109 1241 156 1295 je
176 1242 418 1284 chercherai
438 1250 556 1285 votre
576 1245 682 1284 face.
696 1244 782 1297 (Ps.
804 1255 916 1291 xxlx,
933 1244 1018 1296 2.)»
1039 1243 1294 1283 C’est-a-‹lire
1312 1256 1322 1283 ε
1340 1258 1360 1278 «
1375 1244 1408 1283 Ο
1433 1254 1531 1282 mon
1551 1242 1685 1292 Jesus,

114 1309 140 1346 ὁ
158 1306 198 1348 le
217 1307 282 1350 fils
301 1309 353 1350 de
373 1321 461 1349 mes
491 1309 720 1359 entrailles,
743 1310 781 1349 le
811 1309 1045 1348 bien-aime
1065 1309 1116 1348 de
1137 1320 1225 1349 mes
1255 1320 1397 1356 voeux,
1420 1319 1518 1347 mon
1552 1306 1687 1358 soleii,

113 1385 186 1414 ma
203 1372 399 1424 lumiere,
415 1374 540 1424 salut,
557 1375 623 1414 vie
636 1379 676 1415 et
698 1374 833 1427 gloire
847 1374 898 1414 de
918 1378 1013 1413 tous
1028 1386 1134 1414 ceux
1154 1374 1226 1426 qui
1247 1386 1350 1414 vous
1369 1373 1569 1421 desirent,
1585 1384 1690 1412 vous

115 1439 156 1478 le
176 1450 312 1488 savez,
334 1451 434 1479 mon
455 1451 568 1479 coeur
590 1439 659 1479 n’a
677 1440 840 1479 d'autre
868 1441 1017 1491 pensee
1037 1443 1078 1479 et
1098 1438 1260 1479 d’autre
1291 1450 1441 1478 amour
1473 1450 1553 1490 que
1586 1450 1689 1478 vous

116 1507 159 1543 et
179 1516 252 1544 vos
273 1504 463 1545 interets.
482 1505 514 1545 ll
529 1517 632 1544 vous
651 1504 768 1557 pai-le
788 1504 1032 1553 au-dednns,
1050 1504 1076 1544 il
1097 1503 1226 1569 s'unit
1246 1506 1271 1544 ὸ
1288 1514 1391 1544 vous
1410 1503 1535 1543 d'une
1555 1503 1687 1543 union

114 1568 329 1620 ineffahle‚
352 1568 382 1608 il
403 1572 464 1609 est
483 1569 700 1621 beaucoup
722 1569 814 1622 plus
841 1581 891 1609 en
913 1582 1017 1609 vous
1037 1569 1161 1622 qu'en
1192 1570 1268 1610 lui.
1290 1571 1403 1610 Vous
1423 1569 1460 1609 le
1482 1581 1618 1617 savez‚
1640 1581 1688 1611 ce

112 1634 250 1674 meme
269 1645 398 1682 eoeur,
425 1634 616 1674 emhrase
638 1634 831 1674 d'amour
850 1647 957 1686 pour
975 1647 1093 1684 vous,
1114 1636 1249 1675 excite
1277 1647 1329 1675 en
1351 1635 1437 1675 moi
1457 1647 1514 1674 un
1535 1634 1688 1675 ardent

110 1689 223 1739 desit
241 1698 294 1739 de
319 1698 568 1740 rechercher
588 1703 706 1740 votre
740 1700 828 1739 fuce
860 1700 1084 1749 desit-able,
1113 1700 1165 1740 de
1196 1700 1375 1752 pouvoir
1403 1700 1554 1740 adorer
1584 1703 1610 1740 e
1640 1712 1687 1740 sa

111 1763 327 1804 naissance
347 1776 403 1804 au
423 1764 576 1805 dehors
594 1764 703 1805 celui
735 1777 816 1817 que
831 1765 875 1816 je
896 1765 977 1805 sais
1007 1769 1184 1818 operunt
1215 1779 1269 1806 au
1301 1759 1596 1806 dedans.'M0n
1622 1766 1686 1806 vi-

110 1840 210 1881 sage
230 1829 340 1870 donc
358 1842 463 1870 vous
483 1843 508 1870 a
527 1830 722 1879 cherche,
743 1831 784 1882 je
813 1831 1055 1870 chercherai
1087 1834 1204 1871 votre
1237 1832 1344 1879 face,
1361 1831 1405 1882 je
1438 1831 1478 1871 la
1508 1830 1686 1872 cherche

110 1905 211 1935 avec
241 1894 445 1945 instance,
467 1894 568 1936 c'est
587 1896 628 1935 la
647 1896 784 1948 priere
805 1897 856 1936 de
877 1908 975 1936 mon
997 1908 1128 1946 coeur,
1150 1897 1201 1937 de
1231 1897 1411 1948 pouvoir
1442 1897 1553 1936 enfin
1588 1896 1684 1936 unir

428 2063 437 2080 Ο

114 2097 127 2115 ι
151 2084 352 2121 osculetur
390 2095 450 2120 me
487 2085 617 2122 osculo
650 2086 726 2122 oris
758 2086 830 2123 sui.
859 2101 873 2119 ι
891 2086 897 2146 ι
916 2086 1072 2123 milibus
1091 2087 1137 2122 ad
1158 2086 1266 2123 illum
1289 2098 1387 2134 stepo
1417 2097 1524 2124 usam
1545 2087 1683 2130 verbis,

108 2131 223 2176 Quasi
255 2132 408 2169 diceret.
431 2132 515 2170 Non
548 2133 670 2169 solum
700 2133 777 2179 jam
798 2135 877 2170 ani-
916 2135 1052 2181 quibus
1092 2135 1230 2171 Parens
1266 2135 1347 2181 ejus
1389 2135 1502 2170 David
1527 2146 1534 2170 :
1556 2148 1569 2165 α
1600 2134 1685 2171 Tibi

108 2188 214 2216 mum
233 2179 377 2224 animo,
393 2190 457 2216 cor
471 2181 574 2217 cordi
590 2181 750 2227 jungere
773 2187 876 2229 opto,
915 2183 1010 2218 dixit
1030 2193 1095 2219 cor
1123 2193 1266 2226 mcum,
1287 2182 1487 2229 exquisivit
1512 2187 1549 2218 te
1571 2182 1684 2218 iacies

108 2227 207 2273 quod
246 2227 344 2264 inter
381 2227 557 2264 absentes
587 2229 690 2265 solus
720 2228 876 2266 affectus
917 2230 1681 2276 mea,l'aciemtuam.l)omine,requiram.

108 2284 178 2311 suo
210 2275 323 2312 modo
356 2275 465 2318 sacit;
496 2276 561 2312 sed
588 2277 701 2313 etiam
734 2287 798 2314 ore
829 2278 873 2314 ad
916 2279 1029 2321 Quasi
1061 2279 1202 2314 diceret
1242 2278 1297 2315 illi
1322 2289 1330 2315 ε
1356 2280 1386 2313 0
1420 2279 1472 2314 mi
1503 2278 1606 2321 lesu,
1628 2276 1682 2314 tili

108 2331 166 2368 OS,
199 2322 294 2359 facie
324 2323 372 2359 ad
401 2323 535 2360 l‘aciem
574 2334 742 2370 praescus
774 2326 873 2371 loqui
917 2325 1011 2362 uteri
1038 2326 1125 2371 mei,
1147 2326 1283 2362 dilecte
1304 2330 1472 2362 votorum
1496 2335 1682 2370 meorum,

106 2370 234 2416 cupio,
267 2375 302 2406 et
340 2370 466 2407 videre
502 2370 767 2408 absconditum
806 2373 876 2409 sub
914 2374 974 2410 Sol
1006 2384 1112 2410 meus
1132 2379 1167 2410 et
1189 2374 1252 2410 lux
1283 2385 1380 2416 mea,
1401 2373 1516 2415 salus,
1539 2373 1626 2416 vita,
1647 2377 1685 2409 et

105 2417 190 2453 velo
210 2418 335 2454 carnis
356 2429 472 2462 meae3
494 2418 678 2466 illumque
697 2420 874 2466 amplecti
914 2422 1033 2466 gloria
1052 2423 1224 2458 omnium
1242 2427 1275 2458 te
1290 2420 1607 2458 desiderantium!
1626 2419 1682 2466 Tu

107 2465 307 2511 parvulum
334 2466 486 2502 tandem
518 2466 618 2503 inter
639 2468 748 2503 ulnas
780 2479 874 2515 pen·
915 2469 1234 2515 nosti,quomodo
1248 2479 1453 2506 cormeum
1471 2473 1534 2504 tuo
1553 2478 1683 2504 amore

108 2512 256 2557 dutum,
273 2518 309 2550 et
329 2514 564 2550 circumdare
583 2519 775 2561 tamquam
797 2521 874 2552 tor-
914 2527 1141 2553 succensum
1162 2517 1344 2554 nonnnisi
1364 2517 1410 2552 de
1431 2520 1478 2560 te,
1494 2520 1529 2552 et
1542 2526 1610 2563 pro
1630 2519 1682 2560 te,

134 2569 220 2597 uem
241 2560 340 2598 collo
361 2571 458 2597 meo.
482 2562 603 2599 Immo
623 2567 659 2599 ct
682 2562 752 2599 hoc
772 2564 873 2600 desi·
914 2565 1160 2611 cogitationes
1186 2565 1311 2601 eliciat
1341 2568 1377 2600 et
1408 2563 1577 2600 affectus.
1607 2563 1681 2599 Te-

111 2616 213 2660 ·ero,
233 2618 313 2644 non
341 2609 465 2645 solum
494 2609 592 2646 inter
618 2610 772 2647 brachia
791 2622 875 2647 mea
914 2623 999 2649 cum
1028 2613 1194 2659 loquitur
1221 2613 1336 2655 intus,
1359 2610 1427 2647 tibi
1456 2611 1597 2648 unione
1618 2611 1680 2647 in-

110 2653 219 2692 tllum
239 2656 426 2693 collocare
444 2656 582 2703 pignus
602 2658 731 2694 utinue
751 2660 875 2695 cordis
913 2660 1061 2697 dicibili
1082 2673 1121 2697 sc
1136 2660 1344 2705 conjungit,
1363 2659 1403 2695 in
1423 2663 1457 2696 te
1477 2659 1598 2705 magis
1610 2662 1679 2701 est,

111 2702 186 2755 mei
216 2703 506 2748 charissimum3
528 2706 592 2741 sed
626 2709 662 2741 et
694 2706 761 2742 toti
793 2707 875 2743 orbi
913 2718 1027 2754 quam
1059 2708 1098 2743 in
1133 2719 1185 2743 se.
1209 2707 1263 2743 Tu
1285 2707 1398 2743 etiam
1429 2707 1548 2743 nostri
1580 2706 1681 2753 quod

111 2751 352 2795 intuendum,
378 2751 689 2798 amplexandum,
710 2754 873 2791 adoran·
914 2756 1013 2792 idem
1032 2766 1096 2792 cor
1111 2766 1237 2791 amore
1252 2755 1469 2798 tuiardens‚
1486 2763 1678 2790 summum

110 2797 203 2850 dum
232 2807 465 2845 proponere,
508 2799 620 2837 Orbis
661 2800 799 2838 Lucem
840 2807 874 2838 ct
914 2804 952 2839 in
975 2813 1035 2839 ine
1054 2803 1282 2838 d··si‹lerium
1310 2801 1461 2846 excitat,
1482 2807 1522 2839 ut
1543 2802 1678 2837 faciem

109 2843 247 2881 vitam.
915 2856 1015 2887 tuam
1045 2849 1332 2886 desiderabilem
1369 2851 1559 2897 requiram
1593 2859 1601 2884 :
1638 2853 1678 2885 ut

144 2891 208 2945 ‘Et'
241 2894 344 2928 certe'
379 2894 580 2931 verisimile
617 2905 771 2941 prorsus
802 2901 873 2941 est,
913 2908 1024 2943 quem
1057 2907 1220 2943 agnosco
1251 2897 1410 2934 interius
1440 2901 1676 2944 operantem,

111 2937 302 2993 Virginem
324 2940 519 2987 Deiparam
550 2953 637 2979 cum
665 2944 791 2980 adhuc
811 2955 873 2980 sa-
913 2945 1076 2981 exterius
1097 2945 1247 2981 tandem
1262 2945 1403 2982 valeam
1418 2946 1574 2982 adorare
1594 2953 1679 2981 nas·

108 2990 210 3023 erata
231 2997 271 3023 in
290 2986 375 3025 alvo
393 2998 554 3035 puerum
573 2990 798 3038 contineret,
819 2991 874 3028 si-
912 2996 1074 3029 centem.
1106 2992 1315 3038 Exquisivit
1346 2993 1458 3039 igitur
1490 2998 1526 3029 te
1562 2992 1678 3029 facies
