1858 3184
0 2221 15 2425 <vv-w,
6 2250 11 2255 .
0 2094 14 2214 vm

382 63 402 96 1

690 141 777 205 ,us
804 159 1034 191 sumanus
1061 159 1102 192 o.
1635 131 1706 195 51*

122 245 240 294 Dieu,
276 243 362 284 8118
399 241 528 283 (1’8118
573 238 749 281 (18111185
785 240 837 280 (18
880 239 1040 280 1’88881
1083 242 1127 280 et
1175 239 1227 279 de
1269 238 1500 279 l'afssiction
1546 240 1598 280 de
1636 242 1696 293 {ce

122 308 383 363 pfflerimge,
414 306 519 347 mais
558 304 609 344 ils
636 305 862 356 gemissent
897 307 1063 344 5811081
1094 317 1204 357 pour
1234 305 1273 344 le
1323 316 1443 357 corps
1475 305 1612 345 entier
1641 304 1696 347 (18

122 374 308 427 1Έ31158,
327 383 445 424 corps
464 370 674 422 mystique
693 370 750 409 du
771 369 922 418 Christ,
946 373 988 409 et
1006 370 1056 409 ils
1077 370 1295 422 soupirent
1326 381 1419 409 vers
1452 369 1491 409 le
1523 369 1695 411 dernier

118 439 371 480 avenement
391 436 446 476 du
466 435 604 476 Christ
624 446 730 487 pour
749 434 787 474 18
807 434 900 474 voir
927 434 1107 486 glorifie.
1141 435 1249 475 C'est
1279 435 1391 474 alors
1410 446 1463 474 en
1482 434 1582 474 efl'et
1612 448 1695 488 que

121 504 161 545 le
179 503 325 557 peche,
341 503 406 542 cet
424 500 595 540 ennemi
615 500 666 539 de
686 499 726 539 la
748 499 881 551 gleire
901 499 953 539 de
971 499 1266 547 ,lesus-Christ,
1283 499 1468 552 prendra
1486 499 1561 539 fin.
1586 500 1695 542 c’est

119 569 231 611 alors
250 579 330 620 que
351 567 390 606 la
409 565 730 618 concupiscence
750 567 791 604 et
810 568 852 604 81
871 564 930 604 185
949 567 1090 604 autres
1121 565 1328 605 blessures
1347 566 1516 604 8885885
1547 577 1623 618 par
1656 564 1693 606 18

121 633 250 687 peche
270 630 452 683 originel
484 630 787 682 disparaitront
818 630 869 669 de
901 642 976 669 son
1009 642 1142 683 corps,
1178 630 1250 683 qui
1282 633 1344 669 est
1374 629 1561 681 l'Eglise.
1585 630 1694 671 c'est

118 699 226 740 alors
241 709 322 751 que
342 708 435 737 sera
454 695 658 748 complete
679 695 716 736 le
737 695 914 735 nombre
934 694 1005 735 des
1025 695 1115 734 elus
1135 701 1175 734 et
1208 695 1278 735 des
1309 695 1585 748 predestines,
1608 707 1693 748 que

117 765 176 805 les
195 764 338 804 ruines
358 762 408 802 «le
428 762 469 801 la
487 760 722 802 Jerusalem
753 761 903 800 celeste
935 763 1078 800 seront
1108 760 1328 800 8081111885.
1364 760 1485 800 Α1015
1517 760 1692 801 finiront

115 830 157 870 la
175 828 385 882 eaptivite,
408 827 450 867 la
469 827 643 874 8181818,
666 826 704 866 18
727 826 947 873 1811811108,
969 829 1012 865 81
1031 837 1083 864 on
1104 837 1353 865 recouvrera
1371 837 1456 865 une
1475 826 1573 878 paix
1598 838 1691 879 par·

117 894 217 935 faite
237 905 338 934 avec
357 893 479 941 Dieu,
501 903 601 931 avec
619 892 677 931 les
697 893 760 932 An
770 903 857 944 ges,
880 902 982 931 avec
1002 891 1042 930 18
1061 890 1192 939 (11811,
1214 903 1315 930 avec
1339 890 1538 931 l'homme
1569 893 1688 932 exte-

115 959 229 1000 rieur
248 962 290 1000 et
308 958 526 998 interieur.
543 957 663 996 Alors
681 956 788 995 donc
807 957 845 996 18
867 957 996 1007 18388
1016 956 1071 996 (18
1092 956 1243 1003 Christ,
1267 960 1309 996 et
1342 956 1392 996 de
1426 960 1546 996 notre
1579 958 1687 998 Sau-

113 1036 346 1076 veur„scra
364 1023 604 1063 commence
624 1034 675 1061 en
698 1020 880 1074 quelque
901 1021 1088 1060 maniere
1109 1021 1212 1061 (1885
1231 1021 1290 1061 185
1318 1021 1420 1070 8185,
1444 1022 1623 1075 puisque
1650 1022 1690 1062 18

114 1091 245 1142 regne
273 1088 328 1128 du
359 1088 490 1141 peche
510 1087 560 1127 (18
594 1088 724 1127 Satan
758 1099 850 1126 sera
883 1087 1209 1138 completement
1239 1086 1409 1135 (1811811,
1433 1092 1474 1126 81
1505 1099 1587 1140 que
1623 1100 1689 1128 ses

114 1154 303 1195 ennemis
334 1156 477 1193 serent
508 1152 587 1192 mis
623 1164 719 1191 sous
756 1164 819 1190 ses
851 1151 983 1203 pieds,
1009 1164 1083 1190 508
1118 1163 1320 1204 royaume
1342 1163 1394 1191 ne
1421 1152 1573 1192 devant
1593 1152 1687 1205 plus

110 1220 328 1262 8088111118
348 1219 399 1258 de
417 1216 645 1265 scandales,
663 1229 800 1256 aucun
816 1216 867 1256 de
886 1228 949 1256 ses
971 1216 1179 1256 membres
1199 1228 1252 1256 88
1273 1217 1429 1256 faisant
1454 1217 1616 1265 defaut,
1641 1220 1685 1258 et

115 1285 205 1326 rien
225 1296 278 1324 88
300 1284 455 1324 devant
474 1283 566 1323 leur
585 1293 806 1334 manquer.
1390 1289 1394 1293 ’

165 1348 347 1390 N’est-ce
367 1348 474 1387 (1088
492 1349 605 1400 pasa
624 1347 706 1386 1108
730 1346 839 1385 droit
867 1358 948 1398 que
980 1346 1041 1386 les
1073 1347 1139 1386 fils
1172 1347 1223 1385 de
1256 1346 1373 1396 Dieu,
1398 1347 1623 1387 cherchent
1643 1349 1685 1388 18

115 1414 244 1467 310118
266 1414 316 1454 (18
336 1413 427 1453 leur
448 1413 563 1459 Pere,
587 1412 724 1451 181815
743 1411 1089 1464 co-participants
1109 1414 1134 1451 8
1164 1424 1210 1451 88
1242 1424 1461 1463 royaume,
1483 1412 1577 1452 font
1609 1413 1683 1453 des

110 1491 235 1519 voeux
255 1479 422 1519 ardents
442 1490 548 1531 pour
569 1478 849 1517 l'avenemeut
881 1477 931 1516 de
966 1489 1011 1517 ce
1045 1478 1235 1517 Sauveur
1263 1477 1333 1529 qui
1368 1480 1550 1529 1838818
1581 1489 1683 1519 avec

109 1547 216 1585 oette
229 1543 458 1597 perfectiori
473 1542 493 1582 ⁴?
514 1541 687 1582 N'est-ce
707 1554 781 1594 pas
802 1543 826 1581 a
856 1541 939 1581 bon
965 1542 1075 1582 droit
1095 1542 1219 1595 qu'ils
1253 1542 1481 1594 3818155881
1509 1542 1681 1595 jusqu’a

108 1609 525 1662 l'accomplissement
544 1607 595 1647 de
615 1619 661 1647 ce
683 1609 841 1659 regne?

161 1670 216 1715 Ce
237 1674 346 1714 (18511
366 1677 429 1714 851
448 1672 637 1730 exprime
657 1684 756 1713 avec
775 1672 992 1725 beaucoup
1025 1673 1076 1713 de
1096 1684 1361 1713 convenance
1394 1685 1470 1726 par
1503 1685 1569 1713 ces
1588 1677 1683 1727 sept

105 1739 270 1793 paroles
301 1738 352 1779 de
385 1739 424 1778 18
455 1738 715 1779 Το811818118
749 1738 1003 1790 3888558818
1027 1750 1036 1777 :
1059 1753 1079 1774 α
1115 1738 1148 1778 Ο
1182 1739 1373 1790 8838558,
1395 1740 1420 1778 ὀ
1451 1738 1631 1786 Adonai.
1655 1741 1681 1780 ὀ

107 1804 215 1846 Chef
229 1804 279 1844 de
301 1805 342 1844 18
373 1804 534 1844 1881508
560 1803 744 1853 d’lsrael,
768 1804 792 1842 ὁ
816 1803 990 1854 Rejeton
1032 1803 1082 1843 de
1121 1804 1252 1852 Jesse,
1274 1804 1299 1842 ὀ
1337 1803 1408 1844 Cle
1448 1803 1499 1843 de
1530 1803 1679 1855 David,

106 1871 132 1910 ὀ
151 1870 312 1920 orient,
333 1870 359 1909 ὁ
380 1869 456 1909 Rei
482 1868 553 1908 des
573 1868 755 1919 8811085,
777 1869 802 1908 ὁ
833 1869 1103 1909 Ε8118888811
1126 1882 1146 1905 1)
1184 1870 1245 1908 Ε8
1278 1868 1392 1919 effet,
1416 1880 1483 1909 ces
1516 1869 1680 1912 invoca-

909 2058 1054 2095 ratione
1075 2058 1316 2096 inchoabitur
1349 2059 1389 2096 in
1422 2059 1567 2104 8188115,
1587 2060 1676 2097 des-

909 2111 1030 2143 tructo
1078 2106 1202 2143 enitus
1222 2116 1339 2153 18380
1359 2107 1504 2153 peccati
1527 2112 1563 2143 et
1583 2112 1676 2144 sata-

907 2164 981 2197 888,
1003 2164 1046 2190 58
1072 2154 1259 2209 Jectisque
1292 2154 1460 2191 inimicis
1492 2154 1571 2190 suis
1604 2154 1675 2191 sub

907 2201 1066 2248 pedibus
1084 2219 1092 2246 ;
1114 2202 1232 2238 881115
1265 2202 1304 2238 18
1334 2202 1415 2247 ejus
1435 2212 1551 2249 18380
1571 2203 1674 2239 exis-

102 2057 416 2106 peregrinationis
447 2057 600 2095 taediosa
631 2057 867 2094 afflictione:

104 2106 169 2143 sed
189 2110 225 2142 et
243 2106 410 2143 maxime
430 2110 581 2153 propter
601 2109 721 2142 totum
733 2116 870 2152 corpus

101 2153 297 2198 Ecclesiae,
317 2153 521 2200 mysticum
554 2153 698 2191 scilieet
730 2153 868 2190 Christi

100 2211 263 2248 eorpus;
298 2212 343 2238 ac
380 2205 532 2248 propter
570 2201 689 2248 ipsius
732 2201 868 2237 Christi

100 2249 260 2296 gloriam
279 2249 325 2285 ad
345 2249 548 2285 adventum
579 2249 660 2295 ejus
691 2249 866 2285 ultimum

101 2297 305 2352 suspirant.
322 2297 418 2341 Quia
436 2297 620 2333 nimirum
641 2301 730 2333 1888
752 2297 866 2333 tinem

97 2344 259 2391 accipiet
289 2349 500 2391 peccatum,
520 2345 619 2391 quod
651 2345 868 2381 adversatur

97 2391 228 2439 gloriae
253 2391 348 2438 ejus.
370 2391 476 2429 Tunc
495 2392 803 2439 concupiscentia
831 2397 866 2428 et

98 2439 173 2476 alia
210 2440 366 2476 vulnera
397 2450 418 2476 e
453 2440 680 2486 primigenio
710 2445 866 2487 peccato

98 2491 241 2530 exorta.
263 2487 375 2534 longe
405 2491 517 2524 erunt
546 2499 568 2524 a
593 2498 749 2534 corpore
769 2488 864 2533 eJ'us,

99 2534 199 2582 quod
217 2539 273 2572 est
292 2535 474 2572 Ecclesia.
508 2535 615 2572 Tune
646 2535 865 2582 implebitur

97 2590 280 2622 numerus
297 2582 504 2620 electorum
525 2587 560 2619 et
574 2583 862 2629 praedestinato·

98 2637 196 2676 rum,
227 2635 263 2667 81
294 2630 415 2667 ruinae
454 2630 618 2667 coelestis
654 2630 862 2667 Jerusalem

61 2708 65 2717 ,
97 2675 416 2723 adimplebuntur.
439 2678 546 2715 Tunc
567 2678 718 2715 finietur
737 2679 863 2715 omnis

97 2724 292 2770 eaptivitas
327 2725 443 2773 fugiet
462 2726 588 2762 omnis
618 2731 753 2771 818185,
776 2737 862 2763 018-

96 2770 158 2807 nis
192 2753 359 2818 rebellio,
393 2778 612 2819 recuperata
641 2783 734 2820 pace
774 2785 861 2820 per-

96 2817 194 2855 fecta
230 2829 319 2857 cum
356 2821 446 2867 Deo,
467 2831 555 2858 cum
585 2821 753 2867 Angelis,
773 2832 862 2858 eum

97 2875 227 2910 carne,
264 2876 351 2904 eum
387 2869 564 2906 exteriori
615 2873 650 2906 et
692 2869 861 2906 interiori

98 2912 267 2951 homine.
290 2914 386 2962 Ergo
410 2921 500 2953 tune
531 2916 703 2963 Regnum
724 2916 862 2953 Christi

95 2964 134 2998 et
151 2961 351 3000 salvatoris
369 2963 488 3001 nostri
505 2964 671 3011 perfecta
699 2964 861 3011 quadam

907 2249 1072 2286 tentibus
1108 2249 1312 2294 scandalis,
1343 2250 1450 2286 nullo
1489 2250 1674 2288 existente

905 2298 969 2343 qui
990 2307 1106 2342 18380
1125 2297 1310 2340 (18511,881
1330 2297 1391 2333 881
1412 2297 1618 2343 quidquam
1632 2297 1673 2335 in

905 2345 1127 2382 felicissimo
1147 2345 1213 2381 illo
1233 2355 1349 2392 regno
1361 2345 1470 2381 desit.

952 2396 1012 2428 An
1046 2403 1125 2429 808
1157 2393 1270 2439 igitur
1306 2393 1440 2429 merito
1478 2393 1549 2428 tilii
1588 2393 1672 2437 Dei,

905 2440 1024 2486 Patris
1043 2442 1099 2477 sui
1120 2440 1280 2486 gloriam
1300 2444 1526 2487 quaerentes,
1541 2440 1670 2487 regni-

903 2498 974 2534 que
996 2488 1104 2526 istius
1137 2488 1252 2525 futuri
1279 2492 1490 2532 consortes,
1509 2487 1672 2525 ardenti-

903 2535 972 2572 bus
992 2536 1087 2572 votis
1106 2540 1299 2583 exoptant,
1326 2540 1365 2571 ut
1396 2534 1471 2571 cito
1498 2535 1674 2572 adveniat

902 2583 1068 2620 Salvator
1088 2583 1143 2620 sic
1164 2584 1326 2630 perfecte
1347 2585 1596 2629 regnaturus?
1614 2584 1672 2621 An

902 2642 979 2668 non
999 2631 1114 2668 etiam
1134 2630 1416 2674 merito‚doncc
1430 2629 1469 2666 id
1481 2630 1672 2678 adimple·

900 2682 998 2723 atur,
1010 2679 1290 2724 ingemiscunt?
1311 2677 1386 2714 Nos
1401 2688 1488 2715 vero
1501 2678 1671 2725 apposite

900 2726 1131 2763 desiderium
1154 2726 1252 2762 istud
1274 2725 1435 2762 indicari
1448 2726 1671 2771 asserimus,

900 2785 966 2821 per
992 2774 1078 2810 illas
1109 2778 1250 2819 septem
1283 2772 1469 2819 gementis
1497 2773 1671 2810 Turturis

900 2831 1010 2858 voees
1032 2833 1040 2858 :
1066 2834 1081 2852 ι
1104 2822 1134 2856 Ο
1155 2819 1359 2866 Sapientia,
1379 2831 1402 2857 0
1421 2820 1566 2857 Adonai
1587 2821 1670 2857 Dux

899 2869 1035 2906 domus
1056 2868 1185 2910 Israel,
1207 2878 1229 2904 0
1250 2867 1367 2904 Radix
1398 2868 1518 2911 Jesse,
1539 2879 1560 2904 0
1581 2868 1669 2904 Cla-

900 2917 955 2952 vis
977 2916 1107 2958 David,
1129 2926 1150 2951 0
1171 2915 1321 2960 Oriens,
1341 2926 1363 2952 0
1383 2916 1459 2952 Rex
1480 2915 1668 2962 gentium,

899 2975 921 3001 0
941 2963 1188 3001 Emmanuel!
1227 2978 1242 2996 »
1276 2963 1427 3002 Etenim
1449 2972 1558 3001 voees
1589 2963 1668 3002 itlae
