1858 3184
192 152 248 201 24

191 239 432 291 serviteurs,
453 239 575 288 mais,
607 252 791 292 envoyez
819 238 860 279 18
889 239 983 292 plus
1014 239 1077 279 tot
1107 238 1287 291 possible
1305 238 1415 279 celui
1434 237 1507 291 qui
1527 236 1767 280 (1811181116-

194 305 284 345 dier
321 306 347 345 ὲ
382 316 459 345 nos
495 317 626 346 maux
656 309 698 346 et
729 318 835 345 nous
866 316 1027 356 venger
1054 304 1127 344 des
1169 302 1398 356 opprobres
1434 303 1486 343 de
1524 314 1600 343 nos
1636 314 1766 344 enne-

193 380 288 409 mis.

249 434 359 476 C’est
376 435 486 475 ainsi
505 447 588 488 que
606 435 706 475 bien
725 438 903 475 souvent
922 434 962 475 le
981 434 1092 474 saint
1114 435 1304 487 Roi‚.pnr
1322 433 1628 486 l'importunite
1641 433 1693 473 de
1703 444 1769 474 ses

195 500 344 550 desire,
364 500 464 541 hate
485 503 528 540 et
546 512 685 553 presse
704 500 982 540 l'avenement
1013 502 1069 540 du
1103 499 1256 540 Christ.
1281 498 1389 539 C'est
1413 498 1623 551 pourquoi
1657 498 1771 539 aussi

195 568 374 605 souvent
392 565 577 618 l'Eglise,
598 565 784 618 pendant
801 565 841 605 le
861 569 996 617 temps
1018 565 1069 605 de
1089 564 1263 613 Pavent,
1297 566 1442 617 repete
1473 575 1535 603 ses
1570 563 1770 615 gemisse-

196 632 349 680 ments,
384 631 470 670 afin
501 643 583 683 que
614 643 718 670 nous
750 630 842 670 leur
873 630 1082 670 unissions
1114 629 1174 670 les
1204 630 1362 678 nbtres,
1384 629 1543 669 indices
1575 628 1772 670 d’ardeuu

194 695 339 748 pieuse
358 700 400 735 et
417 694 609 736 d'amour
627 706 775 736 envers
794 696 832 736 le
852 695 1006 743 Christ,
1040 695 1126 735 afin
1159 706 1241 747 que
1271 706 1378 734 nous
1398 706 1553 747 soyons
1571 694 1728 735 excites
1747 696 1777 734 ὲ

196 772 304 805 nous
322 761 514 812 reppeler
533 761 637 800 dans
655 772 739 801 une
759 761 867 800 suite
887 760 938 801 de
958 760 1289 800 considerations
1320 760 1486 811 pieuses
1515 771 1594 800 son
1626 762 1775 800 avene-
1832 750 1841 762 '⁸

199 828 334 866 ment.

613 161 661 190 m
692 160 894 191 ria-noun.
920 159 995 190 nes
1023 151 1342 191 memes-mens.

854 957 906 997 11·
936 956 1122 1005 LEGON.

498 1074 574 1115 Des
591 1059 876 1128 qemzksements
896 1081 934 1116 et
955 1073 1023 1114 des
1041 1073 1164 1115 desirs
1183 1074 1229 1115 de
1248 1071 1479 1127 Prophetes.

257 1206 388 1257 Apres
408 1205 526 1244 avoir
544 1206 741 1258 explique
760 1205 820 1245 les
840 1205 971 1245 desirs
1002 1205 1074 1245 des
1106 1205 1204 1245 Rois
1232 1204 1410 1244 tendant
1428 1215 1522 1243 vers
1551 1202 1590 1243 le
1623 1202 1778 1254 Christ,

203 1269 456 1322 expliquons
475 1281 580 1309 eeux
599 1270 650 1311 de
671 1270 874 1326 quelques
904 1269 1148 1322 Prophetes.
1171 1269 1275 1310 Bien
1298 1281 1379 1321 que
1399 1280 1453 1309 en
1472 1268 1571 1309 effet
1589 1280 1656 1308 ees
1682 1267 1780 1308 Rois

205 1335 322 1375 aient
357 1336 423 1374 ete
455 1335 687 1387 Prophetes
719 1340 761 1375 et
792 1346 876 1387 que
907 1346 973 1375 ces
1005 1334 1235 1387 Prophetes
1271 1334 1461 1387 puissent
1490 1334 1580 1373 etre
1615 1332 1783 1385 oppetes

209 1399 306 1441 Rois
327 1400 356 1451 ¹,
379 1412 424 1440 ee
456 1399 562 1440 n'est
580 1400 817 1453 eependant
846 1399 967 1452 point
997 1411 1093 1439 sens
1125 1399 1270 1440 motifs
1304 1411 1385 1452 que
1417 1398 1456 1440 18
1488 1398 1698 1451 seigneur
1722 1397 1784 1438 les

209 1465 288 1506 cite
309 1467 587 1518 separement.

264 1530 306 1569 1⁰
326 1529 521 1578 Dhbord,
545 1530 681 1582 parmi
700 1542 765 1570 ces
785 1530 1030 1582 Prophetes.
1053 1541 1161 1569 nous
1185 1532 1452 1581 compterons
1489 1540 1542 1569 en
1574 1528 1784 1581 premiere

210 1595 329 1647 ligne
350 1595 494 1645 Moise,
517 1595 657 1648 lequel
677 1607 702 1636 a
721 1595 860 1635 donne
879 1607 936 1634 un
958 1593 1234 1646 temoignage
1254 1592 1305 1633 de
1337 1605 1411 1632 son
1432 1592 1691 1633 tres-ardent
1709 1591 1783 1631 (16·

210 1661 268 1700 sir
286 1659 338 1700 de
358 1660 659 1700 l'lncarnation
681 1661 736 1700 du
757 1659 839 1700 Fils
859 1660 910 1699 de
929 1660 1052 1707 Dieu,
1074 1657 1262 1711 lorsqu'il
1282 1658 1477 1710 repondit
1496 1670 1550 1698 eu
1572 1657 1784 1709 Seigneur

213 1725 285 1778 qui
316 1725 478 1765 voulait
509 1725 727 1778 l'envoyer
756 1724 939 1764 delivrer
970 1736 1045 1764 son
1078 1724 1228 1776 peuple
1253 1737 1261 1763 :
1287 1739 1305 1760 α
1327 1723 1375 1764 Je
1402 1735 1505 1763 vous
1530 1735 1583 1764 en
1603 1721 1784 1775 supplic,
1803 1743 1813 1751 -

213 1789 439 1843 seigneur,
462 1802 648 1843 envoyez
668 1790 775 1830 celui
797 1801 878 1842 que
897 1801 1000 1829 vous
1020 1789 1146 1829 devez
1167 1800 1366 1840 envoyer.
1385 1786 1537 1842 (Eaeod.
1558 1786 1636 1841 111.)
1649 1798 1785 1828 »vou-

214 1855 304 1896 lant
341 1855 430 1896 dire
465 1868 474 1895 ε
510 1855 738 1908 Pourquoi‚
773 1855 998 1907 Seigneur‚
1031 1865 1316 1906 songez-vous
1347 1855 1372 1893 8
1403 1853 1646 1906 m'envoyer
1682 1864 1789 1906 pour

258 1953 268 1975 ¹
289 1951 336 1984 Le
359 1951 444 1983 ven.
467 1950 558 1983 Bede
578 1951 686 1993 (88111.
708 1959 769 1982 sur
788 1949 819 1982 le
839 1949 894 1981 ch.
917 1958 935 1981 x
956 1948 999 1981 de
1021 1949 1054 1982 S.
1077 1949 1163 1990 Luc)
1179 1949 1231 1981 dit
1250 1957 1319 1990 que
1340 1948 1391 1980 les
1411 1948 1605 1990 Prophetes
1626 1949 1708 1980 sont
1727 1947 1790 1980 des

217 1998 297 2031 nois
314 2007 422 2039 parce
442 1997 546 2039 qu'ils
565 1997 751 2030 dominent
769 1998 788 2029 a
810 1997 890 2029 leur
910 1996 1021 2038 esprit
1041 1998 1075 2028 et
1095 1997 1114 2028 ὰ
1132 1995 1227 2028 leurs
1246 1995 1422 2037 passione.
1446 1995 1504 2036 (N.
1527 1994 1568 2027 de
1589 1994 1765 2036 l'auteur).⁴

220 2162 385 2199 hostium
426 2159 615 2198 vindicare
660 2159 886 2207 opprobriis.
926 2159 987 2196 Sic

220 2212 326 2255 urget
345 2219 444 2255 saepe
466 2208 550 2255 pius
572 2208 662 2251 Rex,
680 2207 906 2254 importunis
926 2206 987 2243 de-

218 2256 382 2300 sideriis,
408 2254 611 2293 adventuin
646 2255 799 2299 (xhristi,
832 2254 987 2301 ejusque

219 2303 546 2342 accelerationem.
563 2303 649 2341 ideo
671 2303 773 2340 illius
794 2307 987 2349 gementes

218 2361 327 2392 voces
346 2362 445 2399 saepe
467 2351 632 2389 Ecclesia
646 2356 814 2398 tempore
834 2350 987 2386 Adven-

219 2406 278 2437 tus
311 2399 458 2446 repetit.
481 2403 519 2437 ut
552 2399 628 2436 illis
655 2404 816 2442 nostras,
843 2397 988 2434 ardoris

221 2447 270 2494 pii
303 2453 337 2483 et
369 2447 510 2484 amoris
541 2447 579 2484 in
614 2446 802 2483 Christum
825 2445 986 2488 indices,

219 2495 518 2541 conjuiigainu82
539 2500 575 2532 et
595 2494 803 2532 excitemur
829 2494 874 2530 ad
907 2492 988 2538 ejus

222 2542 428 2580 Adventum
453 2544 514 2588 pia
533 2541 836 2581 consideratione
871 2550 988 2577 reme-

223 2590 461 2627 morandum.

490 2673 655 2710 ummo
679 2672 730 2710 11.

228 2753 282 2787 De
301 2750 452 2798 cernitu
472 2753 508 2785 er
529 2749 743 2788 desideriis
767 2748 989 2798 Propheta·

559 2808 660 2835 riam.

273 2874 364 2908 (tum
386 2883 429 2908 ex
462 2871 682 2910 lleuerlmua
708 2872 894 2910 deslderla
918 2872 991 2910 ne-

225 2927 330 2966 gem,
352 2921 390 2957 in
412 2921 438 2957 t:
470 2919 601 2958 ristum
623 2921 836 2965 tenclentlm
867 2930 910 2958 ex
944 2919 991 2957 11-

224 2974 356 3005 88111811
377 2966 488 3005 modo
507 2967 693 3006 desideria
724 2969 870 3016 aliquot
931 2977 992 3007 ro-

1025 2158 1237 2205 phetarum.
1261 2158 1438 2202 Quamvis
1463 2157 1568 2195 enim
1596 2157 1653 2194 illi
1674 2157 1801 2204 Reges

1025 2206 1138 2242 eliam
1163 2205 1354 2251 Prophetae
1376 2206 1528 2249 suerint.
1559 2209 1595 2242 et
1629 2204 1666 2241 hi
1700 2204 1791 2242 Pro-

1027 2254 1148 2339 p'hetae
1167 2253 1281 2290 etiam
1303 2253 1420 2300 Reges
1438 2253 1514 2290 (1181
1531 2251 1676 2300 possint
1689 2251 1801 2298 (quial

1058 2301 1103 2338 iri
1131 2301 1269 2338 excelsi
1299 2301 1428 2337 animo
1458 2311 1525 2338 suo
1546 2305 1579 2337 81
1602 2299 1793 2347 passioni·-

1028 2349 1096 2386 lms
1129 2349 1373 2395 imperantes,
1413 2353 1452 2385 ut
1491 2348 1656 2396 explieat
1692 2349 1792 2384 Ven.

1028 2396 1124 2433 Beda
1145 2396 1182 2433 in
1205 2406 1237 2433 c.
1260 2406 1296 2440 x,
1321 2395 1423 2441 Luc.)
1445 2400 1572 2433 tamen
1599 2405 1677 2432 non
1709 2395 1802 2432 sine

1026 2454 1139 2481 eausa
1162 2444 1343 2481 Dominus
1364 2448 1542 2490 utrosque
1561 2441 1739 2490 exprimit
1758 2443 1796 2478 et

1025 2491 1264 2538 distinguit.s

1076 2539 1199 2577 Primo
1220 2537 1345 2585 itaque
1366 2537 1449 2575 loco
1471 2537 1568 2575 inter
1602 2537 1671 2575 hos
1702 2535 1795 2573 Pro—

1028 2587 1159 2633 phetas
1203 2596 1469 2624 recenseamus
1516 2585 1685 2631 Moysen,
1731 2583 1798 2630 qui

1026 2633 1282 2671 ardentissimi
1315 2632 1491 2670 desiderii
1518 2630 1799 2670 lncurnationis

1031 2682 1113 2718 l-'ilii
1146 2681 1209 2719 Dei
1236 2680 1554 2727 significationem
1575 2680 1692 2722 dedit,
1708 2682 1805 2718 eum,

1031 2729 1190 2768 Domino
1225 2739 1290 2775 pro
1324 2727 1546 2766 liberatione
1579 2726 1709 2775 populi
1737 2726 1810 2766 sui:

1029 2777 1152 2824 ipsum
1176 2775 1324 2813 mittere
1342 2775 1547 2813 destinanti
1569 2774 1764 2822 respondit
1786 2783 1797 2812 z

1032 2838 1046 2857 α
1063 2824 1243 2869 Obsecro,
1263 2823 1436 2866 Domine,
1458 2823 1563 2861 1111118
1582 2833 1695 2878 quem
1710 2820 1799 2861 mis-

1029 2881 1191 2909 suruses.
1213 2887 1225 2906 1
1245 2871 1357 2916 Quasi
1379 2870 1478 2909 (118111
1501 2881 1508 2908 :
1532 2870 1626 2915 Quid
1643 2874 1712 2916 est,
1727 2869 1796 2914 Dc-

1031 2919 1148 2960 mine.
1169 2919 1269 2967 quod
1289 2919 1335 2956 de
1356 2929 1416 2956 me
1437 2918 1621 2956 mittendo
1641 2918 1689 2957 ad
1709 2917 1795 2958 teni-

1031 2966 1057 3006 tl
1096 2966 1237 3013 negotii
1280 2965 1542 3006 executionem
1588 2963 1795 3010 mediteris,
