1858 3184
1560 144 1643 186 333

70 239 131 294 9.)
150 254 169 279 »
194 239 249 280 lls
279 235 635 280 <tomuissent-les
663 233 1057 276 commendements
1088 232 1140 274 de
1172 232 1276 272 Dieu
1308 234 1352 272 et
1381 244 1428 272 sa
1450 233 1640 284 volume,

73 305 180 346 mais
198 305 249 345 ils
268 305 514 345 demeurent
531 300 732 353 aveugles
749 311 806 340 au
825 299 914 339 sein
936 298 987 339 de
1006 298 1047 339 la
1066 297 1243 338 lumiere
1262 299 1304 338 et
1323 297 1470 338 sourds
1505 297 1643 350 parmi

73 373 214 412 toutes
233 381 299 411 ces
317 366 481 422 pax-oles
498 366 550 408 de
569 365 690 406 Dieu.
711 363 907 406 Malheur
927 365 951 403 6
982 364 1023 403 la
1055 362 1206 404 6661161
1229 362 1422 404 Malheur
1441 365 1467 402 a
1486 362 1526 403 la
1547 376 1638 403 sur·

75 434 182 475 ditet
208 451 228 472 «
251 436 363 475 Vous
382 433 454 487 qui
475 442 604 484 voyez
624 432 716 470 tant
734 430 786 471 de
806 429 966 479 choses,
981 426 1342 483 n'observez-xfous
1361 427 1508 480 point?
1529 429 1644 470 Vous
1668 451 1669 454 =

75 500 148 554 qui
166 505 266 540 avez
298 500 358 540 les
389 496 552 538 oreilles
583 497 792 546 ouvertes,
814 494 1183 536 n’entendez-vous
1214 492 1364 546 point?
1384 491 1518 546 (lsafe.
1540 503 1641 543 xm,

74 565 161 619 20.)
178 579 199 604 »
225 559 403 606 Eeoutez
422 563 544 612 done,
565 561 591 601 ὁ
609 560 771 610 sourds,
800 558 1040 601 l’heureuse
1072 559 1265 599 nouvelle
1297 570 1380 611 que
1414 570 1520 598 nous
1540 569 1643 598 vous

74 642 319 682 6666666115
349 626 635 680 aujourd’hui,
658 638 710 667 en
743 625 918 667 visitant
945 628 1064 664 votre
1096 625 1309 665 demeure.
1342 623 1460 665 Voici
1491 635 1572 676 que
1604 623 1644 664 le

73 695 262 737 medeein
291 696 353 735 est
383 693 552 746 proebe,
575 691 602 732 it
625 691 704 732 sait
733 691 877 744 guerit·
909 693 1026 731 toute
1057 689 1232 730 surdite.
1266 691 1329 731 On
1363 689 1412 729 tit
1443 689 1547 730 dans
1581 700 1646 729 ses

72 760 216 801 lettres
233 759 397 811 royaIes
415 771 472 798 un
492 757 767 810 temoignage
787 756 889 797 ecrit
909 768 963 795 en
985 768 1082 808 gros
1102 757 1311 796 caractere
1332 756 1356 794 a
1377 766 1499 795 cause
1532 754 1583 794 de
1605 754 1646 794 la

75 825 272 878 guerison
293 823 344 864 de
365 823 602 864 nombreux
621 822 807 863 malades
830 834 839 860 :
863 832 933 862 uss
953 831 1101 862 5661165
1135 831 1392 861 6111666661.
1419 834 1438 857 «
1461 819 1645 871 Aujour-

73 889 189 932 d’hui
209 889 244 930 si
261 901 364 929 vous
383 888 588 929 entendez
610 899 655 927 sa
685 887 798 938 voix‚
822 886 1128 927 n’endureissez
1160 886 1254 938 plus
1286 897 1358 924 vos
1394 897 1546 925 eoeurs.
1569 899 1588 922 υ
1613 883 1647 925 11

73 967 175 996 vous
208 954 417 995 demando
448 943 681 994 seulement
717 952 768 993 de
798 952 946 993 tendre
978 950 1167 1000 l’oreille,
1189 954 1231 991 et
1261 951 1312 991 de
1345 950 1574 991 demandet·
1605 949 1648 990 la

75 1019 288 1074 guerison.
311 1019 345 1060 11
368 1022 523 1060 mettre
542 1031 606 1059 ses
625 1018 764 1070 doigts
791 1029 891 1058 avec
911 1017 953 1056 ta
971 1017 1100 1057 salive
1120 1017 1170 1056 de
1191 1016 1232 1056 16
1252 1028 1419 1069 sagesse
1437 1015 1540 1055 dans
1574 1027 1647 1056 vos

75 1086 256 1134 61611165,
272 1089 314 1125 61
333 1085 425 1125 leur
444 1087 672 1138 apportant
691 1096 749 1123 un
768 1083 951 1132 remede‚
975 1083 1003 1122 il
1024 1082 1215 1122 donnera
1241 1084 1265 1121 a
1296 1085 1412 1121 votre
1446 1086 1542 1121 ou‘ie
1557 1079 1646 1133 joie

75 1155 117 1192 et
135 1150 376 1203 allegresse.
397 1149 518 1190 Alors
538 1162 642 1190 vous
660 1161 837 1202 pourrez
857 1148 917 1188 lui
938 1147 1027 1187 dire
1049 1160 1057 1186 :
1087 1162 1106 1185 «
1127 1149 1182 1187 Le
1204 1147 1417 1199 Seigneur
1452 1146 1535 1186 m’a
1567 1157 1644 1186 ou-

75 1218 167 1257 vert
186 1215 375 1267 Poreille,
398 1218 439 1256 et
454 1216 499 1267 Je
520 1228 574 1254 ne
594 1214 665 1255 l'ai
684 1214 801 1268 point
820 1212 1029 1253 eontredit
1050 1212 1182 1266 (lsate.
1206 1224 1242 1263 L,
1263 1211 1322 1264 5.)
1345 1228 1364 1247 »
1401 1213 1460 1252 Ne
1493 1212 1646 1252 doutez

74 1281 195 1334 point
213 1281 264 1322 de
283 1293 330 1321 sa
347 1281 508 1321 seienee
527 1284 570 1320 et
589 1280 641 1320 de
660 1292 706 1319 sa
725 1279 909 1330 volonte‚
931 1291 1002 1319 ear
1022 1278 1052 1318 it
1071 1283 1131 1318 est
1151 1278 1253 1318 ecrit
1273 1278 1323 1318 de
1343 1277 1404 1317 lui
1428 1290 1437 1317 ε
1466 1292 1486 1316 (ι
1505 1278 1567 1317 En
1599 1288 1647 1317 66

75 1346 278 1399 temps-la
297 1346 356 1386 les
375 1346 522 1387 sourds
541 1345 796 1386 entendront
814 1344 873 1384 les
891 1344 1057 1397 pai-oles
1088 1343 1140 1383 de
1171 1354 1217 1383 66
1249 1342 1368 1392 livre,
1391 1346 1433 1382 et
1451 1341 1511 1382 les
1531 1353 1645 1394 yeux

76 1411 149 1453 des
183 1411 395 1463 uveugles,
418 1413 577 1451 sortant
608 1410 660 1450 de
691 1410 783 1450 leur
816 1409 923 1458 nuit,
944 1411 1163 1462 passeront
1201 1408 1272 1448 des
1310 1407 1503 1448 tenebres
1542 1408 1567 1446 6
1605 1406 1647 1447 la

76 1476 270 1517 lumiere.
293 1475 423 1530 (Isai'e.
446 1488 559 1525 xxm,
584 1477 648 1516 18.
671 1475 684 1528 )
710 1491 728 1511 »
749 1475 856 1515 C'est
886 1486 1048 1514 comme
1081 1474 1115 1512 si
1145 1473 1183 1512 le
1204 1472 1410 1525 Prophete
1431 1471 1556 1511 disait
1578 1482 1587 1510 :
1610 1473 1647 1512 Α

75 1553 152 1583 son
172 1543 424 1582 avenement
444 1554 496 1581 on
517 1552 759 1581 annonoera
779 1542 804 1580 a
824 1543 919 1579 tous
938 1539 997 1579 les
1016 1538 1162 1578 sourds
1175 1550 1258 1578 une
1273 1538 1412 1578 bonne
1431 1536 1643 1588 nouvelle,

504 156 657 190 51166116
684 154 899 188 nminem
926 155 979 184 na
1006 142 1197 186 L'Avenr.

12 1655 14 1658 ,
74 1605 267 1660 puisque,
291 1607 416 1659 grece
437 1618 491 1646 au
513 1605 681 1646 remede
701 1605 803 1658 qu'il
821 1606 1036 1657 rapporte,
1060 1603 1120 1644 les
1141 1603 1287 1644 sourds
1307 1603 1567 1643 entendront
1587 1602 1647 1645 les

74 1672 240 1726 paroles
271 1672 418 1712 6611165
451 1671 554 1711 (1665
587 1671 624 1710 16
655 1670 759 1711 livre
780 1669 831 1710 de
850 1670 931 1721 vie,
954 1669 1005 1709 ils
1030 1669 1284 1710 entendront
1303 1668 1344 1708 la
1364 1668 1508 1722 parole
1529 1669 1642 1708 eter-

77 1737 202 1788 nelle,
223 1737 404 1787 interne,
426 1741 614 1787 externe,
636 1736 709 1789 qui
727 1739 829 1790 peut
847 1747 998 1776 sauver
1017 1735 1130 1775 leurs
1151 1736 1280 1775 61665.

131 1805 172 1845 3⁰
191 1804 334 1844 Pom'r.
350 1823 401 1832 -
414 1801 599 1855 Visitons
618 1802 779 1842 ensuite
799 1802 841 1841 la
859 1800 1069 1842 troisieme
1090 1801 1192 1841 salle
1206 1800 1256 1840 de
1272 1802 1391 1840 notre
1406 1799 1584 1853 hopital,
1599 1798 1641 1839 16

79 1868 135 1910 οὺ
153 1867 402 1909 demeurent
418 1866 479 1909 165
498 1867 685 1917 hoium,
709 1870 751 1909 et
769 1878 930 1919 voyons
948 1865 1040 1906 leur
1059 1865 1250 1907 nombre.
1272 1865 1375 1906 Mais
1395 1865 1514 1918 quels
1548 1865 1645 1905 sont

79 2067 117 2100 ta
149 2063 228 2108 Dei,
249 2062 403 2109 ejusque
436 2062 681 2107 voluntatem,
713 2062 839 2099 sedin

79 2110 203 2148 media
235 2110 319 2147 luce
350 2110 441 2147 eaeei
473 2115 643 2153 manent,
675 2115 711 2146 et
741 2110 839 2147 inter

81 2162 134 2196 tot
153 2157 218 2195 Dei
239 2168 349 2195 voees
369 2158 485 2194 surdi.
508 2158 570 2195 Vae
589 2158 764 2202 caecitati,
787 2169 839 2195 vae

81 2205 273 2243 surditati!
295 2220 309 2238 α
333 2206 404 2250 Qui
424 2205 526 2242 vides
557 2206 689 2249 muita,
711 2217 840 2243 nonne

45 2253 48 2258 '
81 2253 293 2291 custodies?
311 2254 382 2297 Qui
401 2258 548 2299 apertas
570 2253 685 2290 habes
715 2264 839 2298 aures,

32 2303 57 2339 J
82 2310 211 2339 66666
241 2300 402 2338 audies?
438 2301 571 2337 Audite
601 2312 689 2347 ergo
720 2301 839 2345 surdi,

81 2346 172 2386 felix
198 2349 395 2393 nuntium,
417 2349 515 2395 quod
550 2349 661 2385 hodie
693 2348 840 2385 habita-

81 2395 224 2433 tionem
242 2401 403 2433 vestram
423 2396 617 2433 visitantes
643 2396 747 2433 vobis
779 2396 840 2432 in-

83 2442 276 2481 sinuamus
298 2454 306 2480 :
329 2444 386 2480 En
406 2443 572 2481 Medicus
586 2444 690 2480 adest
709 2454 840 2490 prope,

83 2490 147 2538 qui
165 2491 270 2528 novit
288 2501 441 2529 omnem
461 2491 681 2528 surditatem
696 2491 840 2536 1611616,

83 2537 268 2584 habetque
286 2539 327 2576 16
347 2539 481 2576 11116115
500 2539 614 2586 regiis
632 2539 680 2576 ob
700 2539 841 2576 multo-

82 2595 170 2623 rum
205 2586 437 2624 curationem
474 2587 735 2624 testimonium
771 2597 842 2623 au-

16 2676 19 2679 ,
83 2631 251 2669 1116111166
275 2633 456 2681 seriptum
482 2635 616 2681 grandi
647 2634 842 2672 characte-

83 2689 154 2716 re:
174 2690 276 2717 sunm
294 2691 457 2719 moiun-r.
483 2694 498 2713 «
522 2682 638 2718 Hodie
658 2682 689 2719 si
714 2692 842 2720 vocem

85 2727 166 2774 ejus
191 2727 397 2775 audieritis,
417 2729 535 2766 661116
553 2729 738 2766 obdurare
757 2740 843 2766 661-

86 2774 134 2811 (16
152 2778 286 2812 vestra.
312 2789 326 2807 υ
348 2775 510 2814 Tantum
529 2781 678 2824 exoptat
698 2788 720 2814 a
739 2777 845 2814 vobis

87 2825 268 2876 6166165
300 2822 463 2870 erigatis,
484 2828 521 2860 61
550 2824 749 2862 sanitatem
777 2835 845 2872 pe-

86 2873 200 2913 tat1s;
229 2869 364 2916 digitos
401 2879 489 2907 suos
518 2881 607 2908 6616
636 2872 753 2909 saliva
784 2883 846 2909 56-

57 2928 62 2955 ;
114 2916 241 2954 ientiae
259 2916 301 2953 in
324 2916 409 2954 ittas
438 2917 631 2965 immittet,
655 2924 693 2957 et
721 2930 846 2957 reme-

12 3005 13 3026 }
42 2988 62 3013 ·,
115 2963 196 3004 ium
225 2962 400 3014 afferens,
419 2964 564 3004 auditui
592 2970 714 3006 vestro
745 2967 848 3006 dabit

879 2062 1048 2098 laetitiam
1068 2066 1104 2098 61
1122 2061 1315 2107 gaudium.
1339 2061 1446 2098 Tune
1475 2061 1647 2106 poteritis

878 2110 911 2146 ei
938 2110 1063 2146 dicere
1095 2109 1189 2145 illud
1212 2119 1221 2145 ε
1248 2124 1261 2140 u
1288 2109 1472 2145 Dominus
1498 2109 1646 2154 aperuit

879 2158 973 2194 inihi
994 2167 1138 2200 6616111,
1159 2168 1226 2202 ego
1246 2160 1372 2192 autem
1394 2166 1473 2192 nou
1493 2160 1649 2192 eontra-

879 2206 977 2242 dieo.
1003 2219 1017 2236 »
1043 2204 1098 2242 Ne
1116 2204 1294 2240 dubitetis
1320 2204 1366 2239 de
1386 2204 1467 2250 eJus
1487 2203 1647 2240 scientia

878 2258 941 2290 aut
962 2252 1168 2294 voluntate,
1190 2251 1277 2298 quia
1305 2251 1489 2297 seriptum
1523 2255 1578 2286 est
1599 2251 1648 2287 de

880 2301 975 2337 illo:
1012 2312 1026 2331 α
1066 2299 1227 2336 Α6(11661
1267 2299 1307 2336 16
1338 2299 1404 2335 1116
1442 2299 1502 2334 (116
1540 2298 1647 2335 surdi

880 2347 990 2385 verba
1012 2347 1113 2390 libri,
1129 2353 1164 2384 et
1183 2347 1229 2384 (16
1243 2347 1409 2383 tenebris
1429 2351 1465 2383 61
1484 2346 1648 2391 ealigine

879 2395 980 2433 oculi
1002 2406 1188 2432 caecorum
1210 2393 1403 2431 videbunt.
1424 2409 1438 2426 ι»

927 2444 1040 2487 Quasi
1073 2443 1172 2480 dicat
1204 2442 1387 2489 Propheta
1410 2452 1419 2477 z
1442 2442 1486 2478 In
1506 2441 1652 2477 adven-

882 2496 920 2527 tu
964 2491 1069 2527 illius
1112 2491 1237 2527 surdis
1280 2489 1460 2526 omuibus
1504 2488 1648 2525 bonum

881 2539 1059 2575 nuntium
1092 2539 1303 2581 nuntiatur,
1324 2538 1411 2583 quia
1432 2536 1649 2573 1116166116-

883 2587 959 2623 lam
990 2586 1184 2630 afferente,
1213 2586 1369 2622 audient
1401 2584 1504 2620 surdi
1535 2582 1649 2621 verba

882 2634 979 2670 libro
1011 2634 1095 2671 vitae
1132 2634 1326 2679 inscripta,
1367 2631 1522 2668 audient
1559 2641 1646 2668 ver-

883 2682 975 2718 bum
1023 2687 1223 2725 6616166111,
1273 2681 1482 2719 internum.
1520 2684 1648 2716 exter-

883 2740 992 2774 num,
1023 2730 1123 2776 quod
1161 2732 1283 2776 potest
1319 2728 1462 2763 salvare
1499 2726 1648 2764 animas

883 2787 1028 2814 eorum.

932 2825 1134 2862 visitemus
1154 2823 1310 2860 ulterius
1332 2821 1479 2858 tertiam
1501 2820 1651 2858 habita-

885 2872 1027 2909 tionem
1064 2871 1185 2908 nostri
1221 2869 1471 2915 Xenodoehii,
1503 2869 1546 2905 in
1577 2878 1652 2915 qua

885 2922 1168 2957 commorantur
1199 2917 1346 2961 Claudi,
1378 2917 1649 2963 videamusque

886 2978 1018 3007 eorum
1045 2976 1262 3005 numerum.
1283 2965 1355 3008 Sed
1374 2965 1532 3013 quinam
1562 2966 1651 3002 sunt
