1858 3184
0 0 23 129 ν’·νιι·

748 146 774 178 0
801 145 1033 177 sumum.

739 301 829 342 Vll·
857 300 1027 350 LECON
1034 329 1044 340 .

321 408 582 463 Explicataebn
599 407 647 448 de
667 407 710 448 la
727 406 888 448 seconde
899 406 1038 461 partie
1057 404 1112 445 du
1128 406 1303 460 premier
1321 405 1457 446 thane.

159 545 236 583 Les
254 540 466 583 Eoritures
497 538 720 592 indiquent
747 537 1102 578 tres-clairement
1130 547 1212 590 que
1243 536 1282 576 le
1313 537 1417 576 Pero
1448 535 1616 578 Etetnel
1648 546 1677 575 8

101 608 211 656 eree,
232 617 443 654 conserve,
466 605 592 656 regit,
616 604 807 644 ordonne
827 605 869 643 et
895 602 1033 654 dirige
1066 613 1142 654 par
1173 613 1248 641 son
1271 600 1423 651 Verba,
1444 612 1521 653 par
1540 612 1584 640 88
1605 611 1673 640 88-

105 683 238 725 38888,
260 673 396 710 toutes
415 669 556 710 choses
576 671 601 708 a
621 669 712 708 leur
740 668 814 718 fin,
843 679 944 708 avec
963 668 1077 707 force
1097 670 1139 706 et
1157 679 1258 707 avec
1287 666 1487 715 douceur,
1510 664 1672 705 c’est-a-

104 736 206 786 dire,
230 747 325 775 sans
344 734 531 775 violence
558 736 600 774 et
631 733 863 786 cependant
893 744 994 772 avec
1024 732 1246 772 efficacite.
1269 731 1301 772 11
1331 732 1457 784 opere
1489 743 1541 770 en
1572 730 1677 770 81188

103 801 445 842 non-seulement
476 800 514 840 le
546 804 826 849 mouvement,
851 798 956 838 mais
987 809 1138 838 encore
1157 797 1196 836 le
1217 796 1339 837 mode
1372 794 1628 836 convenahle
1648 796 1675 835 a

102 867 144 907 la
162 868 327 915 nature,
348 865 433 906 afin
463 877 545 918 que
576 865 739 917 chaque
760 865 848 904 etre
867 862 1065 916 produise
1085 874 1186 903 avec
1205 862 1367 902 suavita
1396 873 1470 900 son
1501 860 1600 900 effet
1630 861 1675 901 et

101 931 290 984 atteigne
309 943 355 971 sa
373 931 448 971 fin.
468 932 586 971 Cette
604 930 823 983 operation
844 929 894 969 de
915 928 956 968 la
974 939 1140 980 sagesse
1162 939 1204 968 se
1225 927 1442 967 reconnatt
1464 937 1672 966 non-seu-

91 996 261 1044 ¹lement:
280 997 381 1036 dans
406 995 465 1036 les
485 995 630 1036 choses
661 994 907 1045 naturelles,
927 994 1034 1034 mais
1065 995 1231 1033 surtout
1249 992 1353 1032 dans
1383 991 1444 1031 les
1475 994 1672 1031 sumatu-

102 1060 245 1111 relles;
267 1060 610 1101 non-seulement
629 1060 734 1100 dans
753 1060 869 1099 l'etre
889 1058 940 1098 de
967 1060 1132 1106 nature,
1155 1057 1261 1097 mais
1281 1068 1431 1097 encore
1453 1056 1549 1109 plus
1566 1056 1673 1096 dans

102 1125 221 1166 l'etre
239 1127 291 1166 de
311 1126 352 1166 la
373 1127 496 1178 grece
516 1127 573 1165 οὺ
593 1125 717 1165 181811
737 1126 901 1164 surtout
920 1136 964 1163 sa
985 1127 1105 1163 vertu
1136 1126 1179 1163 et
1209 1135 1255 1162 sa
1283 1122 1460 1162 suavite.
1487 1135 1506 1159 α
1527 1121 1614 1162 Ohl
1637 1121 1671 1161 si

102 1202 209 1231 nous
239 1191 445 1243 pouvions
464 1190 738 1243 comprendre
768 1201 868 1229 avec
901 1193 996 1229 tous
1022 1188 1081 1228 les
1098 1188 1230 1227 saints
1250 1187 1388 1240 quelle
1418 1189 1482 1227 est
1513 1187 1553 1226 la
1586 1186 1671 1226 lar-

104 1268 209 1308 geur
228 1259 272 1297 et
289 1256 331 1296 la
350 1256 575 1308 10838881,
597 1256 638 1295 18
669 1254 881 1294 sublimite
914 1257 957 1294 et
987 1253 1028 1293 18
1058 1252 1316 1305 profondeur
1336 1267 1355 1290 υ
1380 1252 1431 1292 de
1464 1255 1571 1292 cette
1602 1264 1669 1291 sa-

18 1321 40 1332 ⁴*
105 1321 247 1373 gessel
272 1322 328 1362 Sa
346 1320 519 1372 largeur
538 1332 581 1361 se
603 1320 821 1360 reconnait
841 1319 945 1359 dans
977 1319 1017 1358 la
1048 1318 1249 1368 81881108,
1271 1329 1316 1356 88
1334 1317 1545 1369 longueur
1564 1317 1670 1357 dans

101 1385 143 1425 18
161 1385 451 1426 conservation
478 1386 550 1426 des
580 1387 804 1433 creatures,
823 1394 874 1424 ’88
893 1384 1071 1423 hauteur
1105 1383 1208 1422 dans
1240 1381 1412 1422 l'oeuvre
1444 1382 1495 1422 de
1528 1381 1569 1421 la
1602 1382 1669 1421 16-

100 1450 331 1502 demption,
354 1462 398 1490 88
417 1450 676 1502 profondeur
695 1449 799 1489 dans
819 1449 859 1489 18
880 1448 1136 1488 Providence
1156 1450 1198 1486 et
1219 1447 1260 1487 18
1278 1446 1626 1499 predestination.

155 1516 267 1555 Nous
298 1514 433 1554 allons
464 1514 683 1566 expliquer
712 1514 974 1553 brievement
1005 1515 1219 1553 comment
1249 1512 1328 1552 elle
1359 1512 1509 1552 81181111
1540 1511 1668 1552 d'une

97 1580 318 1621 extr-emite
338 1581 363 1620 a
382 1579 530 1620 l'autre
561 1580 663 1620 dans
691 1579 750 1619 les
781 1579 924 1619 choses
941 1578 1168 1618 naturelles
1200 1580 1243 1618 et
1274 1578 1439 1618 ensuite
1471 1577 1576 1618 dans
1606 1578 1668 1618 188

99 1644 243 1685 choses
262 1644 576 1686 surnaturelles.
881 1635 888 1645 ⁸

152 1711 194 1751 1⁰
213 1710 276 1751 En
296 1722 342 1751 88
375 1709 448 1764 qui
481 1722 685 1750 concerne
705 1709 744 1750 18
763 1709 964 1757 81881108,
989 1708 1142 1749 l'ordre
1163 1712 1205 1748 et
1223 1708 1264 1748 la
1284 1708 1574 1748 conservation
1594 1707 1668 1748 1188

97 1775 243 1816 choses
263 1775 506 1826 naturelles,
528 1788 583 1816 08
604 1776 775 1816 8088811
794 1787 839 1815 88
860 1787 941 1828 que
967 1774 1010 1815 18
1037 1786 1203 1827 sagesse
1222 1786 1247 1814 8
1267 1774 1328 1814 dit
1347 1773 1630 1814 delle-meme
1653 1786 1666 1814 :

99 1839 189 1881 Elle
208 1840 271 1881 dit
287 1840 598 1882 effectivement
616 1840 789 1881 d’abord
811 1854 820 1881 ε
844 1855 864 1879 α
882 1840 1089 1893 Lorsqu'il
1117 1839 1332 1893 preparait
1350 1839 1410 1879 les
1429 1839 1567 1886 cieux,
1584 1838 1667 1890 J’e-

341 2080 507 2118 LECTIO
534 2080 613 2119 v11.

142 2157 363 2195 Secundam
379 2158 693 2242 parssenctaprimae
708 2159 814 2195 vocis

380 2215 455 2254 exp
477 2216 514 2243 ιο
564 2234 573 2243 .

898 2047 1039 2094 gratiae,
1062 2046 1126 2084 ubi
1147 2051 1182 2083 et
1205 2046 1320 2084 virtus
1340 2050 1374 2082 et
1396 2046 1559 2082 suavitas
1583 2045 1667 2091 ejus

898 2094 1063 2132 maxime
1094 2094 1287 2131 elucescit.
1313 2106 1328 2125 ι
1349 2095 1380 2130 Ο
1405 2094 1438 2130 81
1469 2102 1668 2140 possemus

897 2142 1219 2189 comprehendere
1231 2152 1320 2179 8818
1334 2140 1513 2178 omnibus
1525 2139 1669 2177 sanctis
1723 2183 1728 2189 ἡ

898 2200 982 2236 quae
1001 2190 1049 2226 sit
1078 2189 1235 2226 latitudo
1255 2194 1290 2226 et
1310 2188 1520 2234 longitudo.
1543 2187 1667 2225 subli-

899 2237 1010 2274 mitas
1029 2241 1065 2274 81
1085 2237 1317 2284 profundum
1336 2252 1349 2269 ιι
1367 2236 1568 2283 Sapientiae
1600 2235 1669 2272 hu-

145 2281 392 2321 Notissimum
411 2287 532 2320 estex
551 2283 768 2330 scripturis,
790 2283 859 2320 Pa·
894 2285 975 2332 jus!
1002 2285 1171 2322 Latitudo
1191 2284 1273 2331 ejus
1301 2295 1348 2321 ex
1379 2284 1568 2321 creatione
1599 2293 1669 2320 co-

96 2334 190 2367 trem
204 2334 389 2368 aeternum
403 2341 468 2378 per
481 2330 645 2368 Verbum
658 2336 695 2367 81
706 2331 861 2378 Sapien-

96 2377 187 2414 tiam
218 2378 347 2415 omnia
372 2379 601 2423 condidisse,
621 2389 858 2423 conservare,

95 2435 238 2472 regere,
269 2426 459 2472 ordinare,
496 2430 531 2463 et
560 2427 608 2464 ad
639 2426 735 2463 fines
772 2437 860 2463 suos

93 2473 299 2519 perducere
330 2474 491 2510 suaviter
522 2477 559 2510 81
588 2474 753 2518 10111181ς
789 2475 860 2512 hoc

94 2523 164 2574 est,
186 2521 269 2558 8188
301 2521 494 2566 violentia,
514 2526 551 2558 81
570 2526 697 2558 181888
729 2521 859 2559 effica-

95 2571 200 2605 81181.
229 2568 324 2612 Quia
353 2569 498 2606 scilicet
525 2575 701 2616 operatur
734 2570 775 2606 in
805 2570 860 2607 eis

95 2623 176 2652 non
202 2616 327 2653 solum
358 2621 519 2661 motum,
540 2618 606 2654 sed
637 2621 674 2654 81
704 2618 859 2654 modum

96 2665 241 2701 naturae
253 2673 480 2709 congruum,
495 2668 538 2701 ut
552 2664 728 2702 eflectum
748 2675 860 2702 snum

96 2711 391 2759 unumquodque
417 2711 579 2749 suaviter
612 2713 808 2760 producat,
824 2718 861 2750 et

97 2755 215 2812 fiuent
231 2767 344 2796 suum
372 2765 606 2807 assequatur.
627 2761 672 2797 Et
693 2760 773 2798 haec
792 2761 860 2797 Sa-

94 2806 251 2887 pientiae
278 2807 445 2854 operatio
475 2812 566 2845 nota
595 2812 664 2852 est,
685 2818 764 2845 non
796 2819 860 2845 so-

112 2861 177 2887 um
196 2862 238 2888 18
263 2854 511 2902 naturalibus,
531 2855 597 2892 sed
628 2860 664 2892 81
695 2856 861 2893 maxime

0 2943 7 2950 ι
43 2940 54 2944 7,
94 2897 138 2935 18
162 2902 528 2946 supernaturalibus:
550 2913 631 2940 non
661 2903 787 2941 solum
819 2905 862 2941 in

94 2955 177 2986 esse
195 2950 356 2995 naturae,
375 2949 441 2987 sed
458 2950 700 2999 potissimum
718 2951 760 2990 18
777 2962 861 2990 8888

898 2333 1115 2379 gnoscitur·‚
1148 2333 1345 2379 longitudo
1377 2342 1423 2368 ex
1461 2341 1669 2368 conserva-

899 2382 1002 2418 tione
1034 2390 1160 2417 rerum
1188 2385 1467 2422 creaturarum;
1501 2378 1666 2416 Altitudo

898 2440 942 2465 ex
973 2439 1086 2475 opere
1114 2428 1404 2474 redemptioni53
1428 2426 1666 2463 Profunditas

898 2486 945 2513 ex
982 2476 1217 2523 providentia
1244 2480 1281 2512 et
1318 2474 1667 2522 praedestinatione.

898 2524 968 2561 Sed
987 2523 1118 2570 paucis
1133 2523 1378 2566 disseramus,
1399 2522 1587 2605 Quomodo
1606 2525 1668 2558 at-

899 2572 1019 2619 tingat
1036 2583 1058 2607 a
1078 2571 1156 2608 fine
1176 2581 1294 2617 usque
1325 2570 1371 2606 ad
1433 2579 1521 2606 uem
1542 2570 1585 2606 in
1604 2580 1667 2606 re-

900 2619 970 2656 bus
988 2618 1245 2661 naturalibus;
1260 2628 1304 2654 88
1317 2616 1456 2653 deinde
1475 2617 1666 2664 quomodo

899 2668 939 2704 in
960 2666 1072 2703 rebus
1092 2663 1455 2713 supernaturalibus.

946 2714 1072 2751 Primo
1101 2714 1230 2758 igitur,
1250 2712 1350 2759 quod
1377 2716 1519 2759 spectat
1537 2713 1586 2748 ad
1606 2722 1668 2749 re-

899 2772 984 2798 rum
1003 2761 1235 2798 naturalium
1254 2759 1498 2804 creationem,
1518 2760 1669 2796 ordina-

898 2810 1057 2853 tionem,
1095 2807 1435 2852 conservationem‚
1469 2807 1670 2845 notissima

899 2861 988 2894 sunt
1007 2867 1090 2903 quae
1110 2857 1156 2892 de
1182 2866 1222 2892 se
1250 2855 1441 2902 Sapientia
1461 2855 1665 2901 eloquitur.

900 2905 1018 2942 Priori
1038 2903 1192 2950 quidem
1210 2903 1294 2940 loco
1313 2903 1368 2940 sic
1381 2903 1473 2940 dicit
1489 2913 1498 2939 :
1512 2917 1526 2934 ι
1544 2903 1670 2946 Quan-

898 2953 946 2990 do
965 2950 1199 3000 praeparabat
1218 2950 1335 2990 818108
1353 2951 1521 2997 81181818,
1541 2959 1673 2999 quan-
