1858 3184
1611 185 1687 227 341

120 281 333 324 ministres
351 279 425 334 qui
443 275 876 329 auront·compassi0n
898 275 948 315 (18
968 286 1087 324 vous,
1110 273 1184 327 qni
1210 272 1508 327 appliqueront
1527 274 1567 315 18
1587 273 1688 316 bain
1746 318 1748 321 ,

121 347 216 388 8118
235 346 403 388 remede
424 343 526 398 qu’il
544 354 648 383 aura
665 341 875 395 prescrits,
899 340 972 393 qui
1005 340 1224 392 gueriront
1254 341 1371 379 toute
1405 341 1524 379 votre
1554 339 1687 393 lepre.

122 412 232 453 G'est
250 414 274 452 εὶ
293 422 376 452 eux
394 409 495 464 qu’il
513 419 701 460 renvoya
718 407 778 447 les
798 406 869 445 dix
889 405 1066 458 lepreux
1086 404 1160 457 qui
1192 404 1253 444 lui
1284 403 1463 444 81181881
1491 404 1688 446 humble-

121 479 240 518 mont
261 490 271 517 :
297 491 317 514 «
334 475 599 525 Jesu5‚notre
620 473 900 523 maitre,ayez
919 471 1023 523 pitie
1042 470 1093 510 de
1114 482 1237 509 nous.
1261 483 1281 507 »
1304 469 1337 509 ll
1357 469 1450 509 leur
1463 469 1686 522 repondit:

125 555 148 582 α
167 542 294 592 Allez,
317 545 358 581 et
375 541 682 581 montrez-vous
712 550 765 577 au
801 537 957 590 preire,
980 550 1000 574 1)
1025 539 1082 583 81,
1105 534 1244 574 tundis
1277 533 1398 587 qu'ils
1429 533 1616 584 81181881,
1638 534 1689 575 ils

554 198 707 231 secono
736 196 950 227 mamone
978 197 1030 225 ne
1059 184 1248 227 n’nsnr.

121 607 265 648 furent
297 604 451 658 gueris.
474 604 519 645 Si
547 615 652 643 vous
682 614 786 642 vous
815 602 1000 642 resolvez
1031 601 1285 640 fermement
1317 601 1342 638 εὶ
1360 601 1565 649 montrer,
1588 611 1689 640 avec

119 684 204 713 une
222 670 423 712 veritahle
443 669 687 717 8881111188,
702 670 821 707 voire
841 668 957 720 lepre
978 678 1060 706 aux
1074 665 1288 705 ministres
1308 664 1358 704 de
1378 665 1483 705 Dieu
1505 677 1582 718 par
1601 677 1688 706 une

119 736 349 778 confession
369 735 526 775 entiere
546 736 587 774 et
606 746 665 774 un
689 745 793 773 aven
814 732 990 780 sincere,
1012 731 1053 770 18
1085 731 1199 783 lepre
1232 730 1287 770 du
1310 730 1440 783 peche
1467 730 1683 783 disparuit,

119 804 163 843 et
179 802 220 842 18
241 802 362 854 grace
382 800 560 840 revient.
582 801 643 839 Ne
662 798 856 850 negligez
876 798 983 838 donc
1001 809 1076 850 pas
1097 809 1153 836 un
1187 796 1356 836 remede
1388 795 1419 834 si
1450 795 1571 836 facile
1590 800 1632 838 et
1651 796 1687 836 si

118 866 302 908 efficaee.

170 934 212 972 δ’
223 930 570 979 ΡοῐΝΤ.-Ε8118,
586 929 759 969 visitons
773 929 814 968 18
827 928 928 967 salle
940 929 994 967 ou
1010 927 1148 979 gisent
1167 926 1226 966 les
1246 929 1376 966 moris
1395 929 1437 966 81
1453 926 1686 978 regardons

117 997 177 1038 les
195 996 431 1037 nombreux
450 994 646 1035 eadavres
667 994 737 1047 qui
758 1007 786 1046 y
806 996 900 1033 sont
919 993 1109 1033 81881188.
1134 991 1249 1041 Mais,
1265 991 1337 1044 qui
1358 991 1687 1044 lippelous-nous

118 1061 191 1103 des
210 1064 341 1102 morts
355 1062 374 1100 ?
395 1061 449 1101 Ge
469 1064 563 1100 sont
583 1071 688 1099 ceux
709 1059 781 1112 qui
813 1059 957 1098 vivent
988 1070 1039 1097 en
1069 1059 1156 1098 8181
1181 1057 1232 1097 (18
1251 1056 1381 1110 peche
1402 1055 1569 1105 mortel,
1592 1069 1684 1098 sur-

115 1130 209 1167 tout
228 1127 312 1167 s'ils
346 1125 483 1179 gisent
502 1125 649 1177 depuis
665 1125 906 1176 longlemps
931 1123 1028 1176 deja
1059 1123 1163 1162 dans
1194 1124 1261 1162 881
1297 1123 1399 1170 etat,
1421 1122 1684 1174 insensihles,

116 1191 331 1246 putrefies,
353 1191 518 1231 fetides.
539 1192 595 1230 Le
615 1190 745 1242 peche
764 1189 914 1229 mortel
948 1201 1000 1228 ne
1032 1187 1207 1228 1118-1-11
1237 1199 1310 1240 pas
1341 1199 1417 1227 son
1449 1199 1550 1227 nom
1570 1187 1621 1228 de
1640 1199 1687 1229 ce

116 1256 222 1311 qu’il
241 1268 363 1297 cause
381 1258 407 1296 8
426 1255 548 1296 1’8188
568 1267 613 1294 sa
633 1257 750 1308 perte
769 1257 811 1295 et
830 1254 871 1293 la
889 1253 1029 1293 mort?
1050 1253 1158 1294 C’est
1177 1252 1285 1292 donc
1304 1254 1329 1291 8
1348 1252 1432 1292 bon
1466 1252 1577 1292 droit
1603 1264 1687 1306 que

117 1333 223 1363 ceux
242 1321 316 1374 qui
335 1324 430 1361 sont
449 1333 500 1360 en
534 1322 621 1360 8181
652 1320 702 1359 (18
733 1319 862 1372 peche
895 1318 1046 1358 mortel
1077 1320 1172 1357 sont
1206 1316 1287 1357 dits
1316 1320 1446 1357 morts
1467 1329 1521 1357 ou
1545 1317 1686 1370 gisant

117 1387 221 1428 dans
238 1386 415 1427 l’ombre
435 1386 486 1425 de
506 1385 548 1425 18
566 1389 692 1425 mort.
715 1385 822 1425 C'est
841 1386 867 1423 ὲ
885 1396 967 1425 eux
988 1395 1069 1436 que
1092 1383 1130 1422 le
1155 1382 1365 1435 Prophete
1396 1382 1480 1422 crie
1503 1396 1512 1422 ε
1538 1398 1557 1419 α
1579 1382 1687 1423 1)ὀὺ

115 1451 247 1501 vient,
270 1450 457 1499 8181881,
481 1461 561 1502 que
593 1461 697 1489 vous
725 1450 812 1489 eles
841 1450 1157 1501 presentement
1188 1447 1290 1487 dans
1323 1447 1362 1487 le
1393 1459 1497 1500 pays
1531 1447 1582 1488 de
1612 1459 1687 1488 vos

117 1516 338 1558 eunomio?
359 1528 439 1569 que
458 1528 562 1556 vous
582 1514 798 1555 vieillissez
821 1515 924 1553 dans
956 1524 1040 1553 une
1071 1515 1182 1552 terre
1214 1512 1451 1564 1111883818,
1468 1524 1551 1565 que
1583 1525 1686 1553 vous

114 1593 218 1622 vous
238 1581 408 1621 souillez
428 1592 527 1620 avec
547 1580 605 1620 les
624 1581 755 1619 morts
775 1581 817 1618 et
837 1590 917 1631 que
937 1590 1042 1618 vous
1060 1579 1147 1618 etes
1166 1576 1367 1628 regardes
1385 1589 1547 1618 comme
1578 1589 1685 1619 ceux

115 1647 188 1700 qui
207 1646 460 1686 descendent
479 1657 576 1685 sous
594 1645 635 1684 18
655 1644 792 1684 terre?
815 1642 1008 1696 (Bm-ueta.
1028 1654 1090 1691 111,
1110 1644 1161 1684 10
1179 1646 1222 1683 81
1243 1642 1328 1695 11.)
1349 1656 1368 1680 n
1392 1641 1501 1683 C'est
1521 1655 1685 1685 comme

114 1711 179 1753 s’il
198 1711 322 1751 disuit
345 1723 354 1750 ε
376 1712 533 1751 Pensez
552 1714 593 1750 et
613 1721 811 1762 repensez
834 1711 858 1748 8
878 1711 996 1748 votre
1028 1710 1116 1748 etat
1147 1707 1181 1747 si
1213 1706 1451 1755 miserame,
1474 1708 1547 1761 qui
1579 1720 1685 1749 vous

114 1776 193 1818 fait
210 1777 431 1818 demeurer
451 1775 555 1815 dans
575 1776 613 1815 le
631 1775 831 1815 tombeau
851 1774 999 1814 souille
1027 1777 1070 1814 et
1100 1773 1247 1822 fetide,
1270 1773 1426 1825 proche
1457 1773 1507 1813 de
1536 1772 1685 1814 l’enfer

115 1842 218 1882 dont
236 1853 338 1882 vous
357 1842 444 1881 etes
463 1840 558 1892 deju
576 1839 618 1879 18
636 1840 754 1893 proie
787 1839 986 1887 certaine,
1009 1839 1122 1879 fonte
1156 1838 1571 1879 malheureusement
1599 1850 1685 1880 aux

114 1907 233 1960 pieds
251 1906 302 1947 de
320 1918 393 1946 vos
412 1905 618 1946 ennemis.
641 1906 695 1946 Ce
715 1908 830 1945 texte
843 1904 1042 1944 s'adresse
1061 1906 1086 1944 8
1106 1907 1199 1943 tout
1218 1904 1387 1944 homme
1409 1903 1482 1960 qui
1501 1904 1564 1944 vit
1577 1904 1685 1944 dans

115 2095 340 2140 formidatis,
363 2095 530 2131 habetet
550 2095 742 2132 ministros
774 2105 876 2139 suos,

116 2142 180 2190 qui
201 2142 304 2180 vobis
322 2143 611 2190 compatiantur,
635 2148 670 2179 81
698 2142 878 2179 balneum

115 2200 160 2228 88
196 2190 407 2227 remedium
444 2190 491 2227 ab
529 2200 574 2227 8ο
613 2191 878 2238 praescriptum

115 2237 338 2286 applicent„
358 2238 575 2292 lepramque
618 2249 772 2275 omnem
817 2250 877 2275 sa-

116 2290 223 2323 nent.
239 2286 293 2322 Ad
314 2286 382 2322 hos
401 2286 545 2322 remisit
565 2285 696 2322 decem
712 2286 879 2333 leprosos

117 2332 190 2370 sihi
222 2333 415 2370 humiliter
447 2333 726 2370 inclamantes:
755 2349 768 2366 u
791 2335 877 2370 lesu

145 2384 340 2427 roeceptor,
372 2380 550 2418 miserere
580 2382 713 2427 nostri,
746 2396 759 2412 »
792 2382 877 2427 qui-

144 2436 189 2471 us
224 2428 418 2475 respondit
441 2439 449 2464 :
470 2441 484 2461 α
519 2429 588 2472 118,
617 2434 653 2465 81
694 2429 879 2466 ostendite

117 2484 184 2512 vos
200 2475 388 2512 Sacerdoti
404 2492 414 2519 ;
432 2490 446 2508 υ
470 2480 506 2512 et
519 2476 610 2512 dum
627 2476 739 2520 irent,
760 2486 876 2512 mun-

120 2520 198 2558 dati
215 2526 315 2559 sunt.
330 2523 367 2559 Si
381 2534 446 2570 per
465 2534 590 2560 veram
611 2524 878 2560 contritionem

118 2566 276 2623 fir-miter
311 2570 503 2607 resolvatis
541 2571 684 2617 lepram
717 2576 877 2608 vestram

119 2616 302 2653 ministris
324 2617 388 2654 Dei
413 2618 624 2663 ostendere,
645 2619 758 2666 plena
783 2629 877 2656 con-

119 2662 284 2702 fessione
302 2668 338 2700 81
355 2665 561 2711 agnitione,
578 2666 657 2712 jam
678 2671 768 2703 tunc
787 2659 893 2713 pec-‘

121 2709 196 2747 8811
214 2709 308 2756 rugit
327 2711 443 2758 lepra,
464 2717 499 2749 81
519 2713 614 2750 redit
646 2714 777 2761 gratia.
801 2714 879 2752 No-

123 2756 188 2793 lite
229 2757 341 2803 igitur
377 2759 468 2797 adeo
505 2760 616 2798 facile
653 2762 878 2806 remedium,

121 2804 289 2851 adeoque
308 2803 441 2843 efficax
460 2808 663 2855 negligere.

916 2097 987 2131 Eos
1031 2094 1176 2130 scilicet
1223 2094 1287 2140 qui
1325 2093 1365 2129 in
1405 2097 1500 2129 statu
1538 2093 1684 2139 peccati

918 2142 1087 2179 mortalis
1114 2144 1246 2188 agunt,
1268 2141 1434 2176 maxime
1455 2140 1486 2176 si
1504 2140 1583 2186 jam
1615 2140 1683 2177 diu

917 2191 956 2226 in
977 2189 1043 2226 illo
1063 2194 1159 2225 statu
1176 2189 1318 2234 jacent,
1341 2188 1448 2235 quasi
1473 2187 1683 2224 insensibi-

918 2239 986 2282 les,
1016 2236 1152 2283 putidi,
1184 2236 1356 2272 fetentes.
1393 2236 1449 2271 An
1482 2245 1561 2271 non
1593 2235 1684 2272 inde

918 2289 1113 2332 peccatum
1133 2284 1273 2320 dicitur
1293 2282 1465 2328 mortale,
1487 2283 1574 2328 quia
1601 2293 1683 2329 per·

918 2333 1057 2369 niciem
1079 2336 1115 2368 81
1134 2335 1294 2368 mortem
1314 2330 1450 2367 affert?
1472 2330 1586 2376 Igitur
1618 2330 1683 2377 qui

918 2381 957 2416 in
978 2380 1044 2416 illo
1065 2384 1167 2423 sunt,
1188 2383 1287 2415 18818
1315 2378 1495 2415 dicuntur
1527 2378 1684 2423 mortui,
1720 2408 1724 2414 .

918 2428 974 2464 vel
992 2428 1161 2473 jacentes
1180 2426 1220 2463 in
1242 2426 1377 2463 umbra
1408 2425 1553 2461 mortis.
1579 2425 1684 2462 Unde

916 2476 962 2512 ad
977 2475 1122 2511 similes
1136 2475 1316 2511 inclamat
1331 2473 1528 2519 Propheta.
1550 2487 1562 2505 α
1582 2473 1684 2516 Quid

917 2528 986 2566 est,
1009 2523 1140 2567 Israel,
1162 2523 1261 2568 quod
1299 2522 1340 2557 in
1375 2525 1472 2556 terra
1501 2520 1685 2557 inimico-

918 2581 1002 2607 rum
1022 2581 1076 2614 es,
1098 2569 1314 2607 inveterasti
1344 2568 1382 2604 in
1415 2572 1512 2603 terra
1542 2567 1682 2613 aliena,

918 2618 1185 2665 coinquinatus
1205 2628 1244 2653 es
1258 2626 1346 2653 cum
1368 2615 1540 2659 mortuis,
1561 2615 1683 2662 depu-

919 2671 1016 2702 tatus
1036 2676 1076 2702 es
1102 2676 1190 2701 cum
1210 2662 1529 2700 descendentibus
1558 2663 1599 2699 in
1619 2663 1683 2700 in-

918 2713 1069 2750 fernum
1088 2715 1102 2748 Ρ
1123 2728 1137 2746 »
1174 2711 1288 2755 Quasi
1315 2710 1415 2746 dicat
1438 2720 1446 2745 ε
1481 2711 1610 2757 Cogita
1647 2714 1685 2747 et

919 2762 1082 2807 recogita
1119 2760 1212 2796 adeo
1250 2756 1509 2794 miserabilem
1545 2762 1684 2794 statum

919 2813 1041 2852 tuum,
1063 2818 1129 2854 per
1155 2816 1268 2853 quem
1302 2805 1403 2841 velut
1434 2804 1478 2841 in
1509 2805 1684 2852 sepulcro

170 2851 360 2888 Postremo
378 2853 572 2891 visitemus
591 2855 716 2893 locum
738 2855 802 2892 ubi
818 2856 880 2902 ja-
915 2857 1018 2902 jaces
1039 2854 1232 2900 squalidus
1261 2856 1298 2889 et
1325 2852 1461 2897 fetens,
1482 2852 1559 2889 imo
1589 2862 1686 2898 qua-

122 2902 211 2935 8881
230 2899 382 2953 mortui,
401 2904 438 2936 et
455 2901 703 2948 inspiciamus
728 2904 881 2940 cadave-
919 2905 950 2940 si
971 2903 1122 2939 inferno
1148 2902 1227 2948 jam
1254 2899 1452 2947 proximus
1485 2904 1521 2936 et
1551 2900 1687 2937 addic-

123 2950 278 2989 ra,suut
296 2956 399 2983 enim
413 2947 528 2984 811118
545 2959 684 2996 magno
703 2961 877 2987 numero.
919 2956 994 2994 tus,
1042 2949 1208 2986 hostium
1267 2946 1427 2994 pedibus
1483 2947 1687 2984 infeliciter

123 2993 195 3030 Sed
237 3003 423 3040 quosnam
465 3000 633 3034 mortuos
675 3001 882 3036 vocamus?
919 2998 1100 3035 calcatus.
1124 2997 1203 3033 Hoc
1233 3005 1388 3032 omnem
1420 2994 1620 3033 hominem
1644 2995 1687 3032 in
