1858 3184
439 164 542 207 101111
569 174 623 206 m!
646 163 1008 207 u'runmcuron
1033 175 1086 206 nn
1113 175 1161 206 u
1188 176 1228 206 11.
1257 176 1298 206 v.
1326 175 1472 207 11111111.
1664 165 1743 207 em

223 257 269 297 5⁰
286 255 350 297 On
381 252 442 296 les
470 253 625 296 avertit
653 254 818 295 ensuite
836 277 890 283 —
908 254 1077 295 suivant
1105 254 1145 295 le
1176 253 1303 295 rituel
1341 254 1392 295 de
1425 253 1630 308 quelques
1649 253 1743 295 dio-

170 322 298 370 ceses,
318 343 373 350 -
390 320 442 361 06
462 331 517 360 06
534 332 609 373 pas
622 319 802 360 coucher
834 319 894 360 les
925 320 1094 361 enfants
1125 319 1231 360 dans
1260 319 1300 360 le
1326 320 1464 360 meme
1484 319 1532 360 lit
1552 318 1741 373 qu'elles,

169 397 295 439 parce
315 384 418 438 qu’il
435 397 489 426 en
508 385 665 427 1660116
685 385 994 438 frequemment
1014 398 1071 426 un
1091 385 1255 437 danger
1276 396 1405 437 grave
1435 397 1543 438 pour
1575 385 1636 425 les
1664 396 1743 426 en-

170 449 298 490 fauts.
321 451 409 498 Que
439 450 500 491 les
529 450 782 491 66600611066
814 451 963 491 6111601
994 451 1100 491 0006
1121 453 1146 492 a
1176 450 1355 503 l'eglise,
1377 463 1462 490 non
1495 450 1616 503 point
1647 452 1672 491 a
1700 450 1743 492 la

168 515 357 555 maniere
388 516 460 556 (166
489 515 612 565 Juifs,
646 516 750 555 mais
789 528 896 568 pour
933 516 1074 556 imiter
1111 516 1258 557 Marie.
1297 515 1409 556 Elles
1446 527 1500 556 ne
1536 520 1632 556 sont
1667 527 1743 568 pas

169 580 390 620 astreintes
409 582 435 620 6
452 583 639 632 compter
657 580 716 620 les
731 580 850 633 jonis
870 581 921 621 de
942 581 981 620 la
1001 581 1284 633 purificatiou,
1306 581 1413 620 mais
1431 580 1531 621 elles
1556 585 1742 633 penvent

166 645 288 685 venir
307 645 379 685 (166
398 643 569 698 (10’61166
595 648 668 685 001
698 647 899 686 recouvre
927 647 1207 687 entierement
1237 646 1278 687 la
1308 647 1443 686 sante.
1477 645 1589 686 Elles
1621 645 1742 686 n’ont

166 721 242 762 pas
261 722 346 750 non
365 710 458 762 plus
479 711 503 750 a
523 710 719 750 observer
738 711 777 751 16
793 712 908 763 jour,
932 712 965 750 si
985 711 1084 751 c'est
1105 725 1161 751 un
1184 711 1334 759 mardi,
1358 724 1415 761 un
1443 710 1563 763 jeudi
1595 722 1651 750 00
1683 723 1740 751 un

166 774 340 815 samedi.
368 777 478 815 'rout
492 775 592 827 jour
611 780 675 815 est
704 776 786 816 bon
808 779 833 816 a
852 779 917 816 cet
936 777 1050 817 effet.
1073 777 1207 817 Celles
1226 777 1334 816 donc
1354 776 1427 830 qui
1446 776 1669 829 craignent
1687 775 1739 816 (16

164 839 283 879 venir
302 839 341 880 16
360 839 497 891 10001,
519 841 556 881 16
578 842 800 890 mercredi,
822 855 877 882 ou
899 842 936 882 16
965 842 1182 891 vendredi,
1205 865 1256 872 -
1276 855 1330 882 on
1348 855 1400 883 en
1428 847 1575 882 trouve
1606 841 1740 882 beau·

164 916 287 957 coup,
313 927 361 934 —
382 918 436 946 ne
455 910 640 958 peuvent
659 907 697 947 16
715 907 821 946 faire
842 920 938 947 sans
957 909 1229 960 superstition
1250 913 1292 948 ct
1311 920 1407 947 sans
1437 907 1562 948 vaine
1593 906 1737 947 obser-

163 982 311 1021 vance,
332 983 496 1011 comme
515 972 548 1011 si
569 984 625 1011 un
643 972 742 1023 jour
763 973 866 1012 61611
895 973 999 1012 faste
1033 976 1075 1013 61
1107 986 1164 1012 00
1196 976 1317 1014 60116
1350 973 1527 1013 nefaste.
1550 974 1606 1013 Le
1634 983 1739 1012 ven-

165 1035 284 1076 dredi
303 1038 497 1076 consacre
519 1049 595 1089 par
615 1037 653 1076 16
673 1049 779 1088 sang
799 1038 854 1077 du
876 1038 1027 1087 Christ,
1052 1039 1270 1091 pouvait-il
1291 1042 1400 1079 0006
1419 1039 1508 1078 etre
1540 1037 1741 1091 inoppor-

164 1102 242 1140 tun
263 1100 424 1141 d’offrir
448 1104 490 1142 et
510 1102 561 1141 de
582 1114 799 1142 consacrer
830 1115 887 1142 un
921 1104 1068 1143 enfant
1088 1106 1112 1142 a
1132 1104 1262 1144 Dieu?
1282 1104 1326 1144 Si
1351 1103 1390 1143 16
1422 1102 1559 1144 Christ
1585 1106 1650 1143 661
1667 1102 1738 1152 ne,

165 1166 333 1206 suivant
351 1165 553 1219 l'opinion
575 1166 615 1207 16
634 1167 728 1220 plus
747 1169 858 1219 sure,
877 1181 936 1207 un
957 1169 1172 1219 mercredi,
1190 1169 1231 1208 la
1250 1169 1521 1209 Puriiication
1541 1168 1593 1208 de
1607 1167 1740 1209 Mai-ie

165 1235 229 1271 661
248 1231 415 1271 tombee
437 1245 494 1271 un
515 1234 736 1283 memredi,
753 1245 915 1273 comme
935 1246 989 1273 on
1009 1247 1165 1286 pourra
1179 1235 1266 1274 s'en
1282 1247 1447 1274 assurer
1459 1246 1512 1274 en
1526 1236 1742 1286 comptam:

162 1295 225 1336 les
244 1299 451 1349 (10616016
467 1296 603 1350 jours.
624 1300 679 1338 Le
703 1299 910 1339 mercredi
931 1311 983 1339 06
1003 1300 1092 1340 (1011
1112 1300 1218 1340 0006
1231 1312 1306 1352 pas
1320 1301 1406 1339 6116
1422 1302 1588 1352 compte
1602 1297 1740 1352 parmi

163 1361 225 1402 les
244 1361 383 1402 moins
402 1362 594 1403 heureux
614 1376 721 1415 pour
740 1365 798 1404 les
818 1365 1084 1405 66600611666.

218 1427 465 1476 0011610006,
496 1431 538 1467 61
569 1440 730 1468 comme
762 1436 1111 1478 couronnement‚
1144 1431 1341 1482 aj0utons
1385 1441 1469 1483 que
1499 1428 1739 1469 non-seule·

162 1493 282 1532 ment
300 1491 430 1532 Marie
451 1492 566 1532 offrit
586 1496 626 1532 61
641 1494 810 1534 16611616
829 1495 949 1534 Jesus
969 1508 1069 1535 avec
1087 1495 1184 1547 cinq
1204 1495 1339 1546 sicles‚
1361 1518 1415 1525 —
1433 1494 1471 1535 16
1491 1494 1589 1534 61616
1609 1492 1741 1535 valait

162 1559 287 1596 notre
307 1556 427 1596 ssorin
446 1557 701 1609 brabancon,
718 1581 771 1588 —
790 1559 895 1598 mais
925 1571 1075 1599 encore
1109 1560 1262 1612 qu'elle
1293 1560 1409 1600 offrit
1430 1560 1544 1599 deux
1574 1561 1738 1599 tourta-

162 1621 286 1662 relles
305 1634 359 1662 ou
379 1623 489 1662 deux
508 1624 633 1675 petits
654 1624 704 1662 06
725 1624 950 1673 6010011166,
972 1637 1017 1664 66
1039 1625 1111 1677 (101
1133 1626 1237 1665 61611
1271 1624 1492 1664 l’offrande
1526 1624 1598 1664 des
1629 1626 1735 1677 pau·-

162 1698 271 1727 vres.
295 1687 478 1740 Origene
498 1688 560 1728 dit
579 1690 604 1728 a
623 1701 668 1729 66
688 1702 841 1742 propos
865 1704 873 1730 :
899 1705 916 1726 ι(
939 1691 988 1730 ,16
1011 1690 1069 1731 166
1089 1690 1234 1730 estime
1255 1691 1461 1739 heureux,
1478 1702 1545 1729 ces
1564 1689 1740 1729 oiseaux

164 1752 238 1805 qui
257 1753 400 1793 furent
419 1754 562 1793 offerts
581 1767 688 1806 pour
709 1755 748 1794 la
769 1755 985 1795 naissauce
1005 1756 1060 1795 (10
1082 1756 1304 1807 Seigueur.
1328 1756 1373 1795 Si
1404 1754 1598 1806 j'admire
1629 1757 1672 1794 et
1702 1753 1740 1794 si

159 1816 204 1869 Je
224 1817 436 1858 considere
455 1830 616 1858 comme
637 1819 944 1860 bienheureuse
966 1820 1141 1860 l'anesse
1162 1821 1214 1860 de
1234 1821 1424 1869 Balaam,
1440 1831 1564 1872 parce
1585 1818 1739 1872 qu’elle

162 1881 229 1922 fut
249 1882 378 1934 digne
398 1883 739 1924 non-seulement
759 1884 808 1924 de
830 1885 919 1924 voir
952 1885 1104 1936 l’Ange
1135 1885 1187 1925 de
1219 1885 1340 1935 Dieu‚
1363 1885 1469 1924 mais
1500 1896 1653 1925 encore
1683 1883 1737 1925 de

164 2034 318 2078 Quinto,
333 2040 537 2073 monentur
550 2037 671 2083 (juxta
686 2038 819 2075 rituale
839 2039 927 2075 0101-

162 2083 260 2120 cesis
280 2085 433 2128 nostrae)
455 2094 503 2120 ne
530 2095 690 2130 puerum
726 2096 855 2122 secum
887 2087 927 2122 in

162 2129 261 2167 lecto
280 2131 412 2167 eodem
432 2131 634 2177 collocent,
651 2133 737 2179 quia
758 2134 929 2180 frequen-

162 2181 218 2214 ter
238 2188 348 2224 grave
368 2178 444 2215 illis
464 2179 553 2215 inde
573 2180 749 2218 imminet
774 2183 927 2227 pericu-

160 2224 257 2261 lum.
296 2226 484 2262 Accedant
530 2238 619 2273 ergo
656 2229 703 2265 ad
743 2229 926 2275 templum

160 2282 372 2319 puerperae,
392 2284 471 2310 000
487 2274 640 2320 judaico
657 2277 745 2320 ritu,
761 2278 824 2312 sed
845 2277 927 2312 imi-

160 2321 313 2357 tatrices
333 2321 460 2358 Mariae
478 2338 487 2365 ;
509 2332 581 2359 066
601 2324 675 2359 vim
709 2328 852 2369 ponant
885 2324 926 2360 in

161 2366 296 2405 diebus
319 2369 610 2415 purificationis,
633 2372 696 2407 sed
733 2371 796 2407 ubi
826 2376 925 2407 mte-

159 2425 267 2461 gram
285 2417 543 2463 recuperarint
564 2418 817 2455 valetudinem
836 2430 924 2466 pos-

161 2467 252 2498 sunt
269 2463 460 2501 accedere.
483 2465 561 2502 Nec
581 2466 694 2502 ctiam
721 2466 823 2502 diem
855 2467 925 2503 ob-

160 2513 324 2554 servent,
343 2521 393 2547 an
413 2511 459 2548 sit
478 2513 559 2549 dies
579 2514 722 2558 Martis,
742 2514 844 2550 lovis
862 2519 926 2550 aut

159 2555 325 2610 Sabhati.
347 2557 481 2595 Omnis
499 2560 581 2596 dies
596 2562 642 2597 ad
664 2562 700 2597 id
726 2566 835 2608 aptus
855 2563 924 2598 06-

159 2602 224 2640 bet
238 2604 414 2650 Judieari.
436 2606 542 2644 Unde
562 2608 638 2644 illae
659 2620 742 2655 quae
767 2610 828 2646 die
849 2609 923 2646 Lu-

158 2660 235 2694 nae,
257 2651 444 2695 Mercurii,
459 2659 524 2691 aut
538 2655 694 2692 Veneris
712 2662 844 2693 cavent
864 2667 923 2693 ac-

160 2698 295 2752 cedere
311 2699 420 2744 (tales
439 2703 637 2740 nonnullae
667 2705 922 2750 reperiuntur)

158 2754 240 2798 1100
258 2746 297 2782 10
316 2757 425 2793 agere
444 2756 602 2795 possunt
622 2751 704 2788 sine
737 2752 921 2798 supersti-

157 2794 263 2846 tione
279 2796 317 2847 61
334 2804 431 2848 vana
449 2795 720 2842 observatione,
732 2800 838 2846 quasi
857 2799 921 2836 ali·

186 2848 244 2875 016
263 2840 343 2877 0166
362 2842 468 2887 161111,
487 2843 582 2881 alter
612 2847 659 2883 sit
695 2847 842 2883 infelix.
864 2847 921 2883 An

175 2890 254 2923 orte
275 2887 356 2924 dies
381 2889 536 2927 Veneris
566 2894 750 2940 sanguine
782 2895 920 2931 Christi

157 2941 418 2980 consecratus,
436 2948 514 2974 non
545 2943 599 2976 est
618 2947 854 2989 opportunus
879 2947 919 2978 ut

158 2979 287 3018 infans
307 2982 347 3019 in
367 2983 433 3020 illo
455 2985 530 3022 Deo
550 2986 727 3026 offeratur
755 2995 791 3026 et
822 3000 918 3027 con-

968 2040 1287 2084 secretur?Quod
1317 2040 1350 2076 si
1387 2040 1558 2076 Christus
1595 2040 1637 2077 in
1670 2039 1733 2078 die

970 2087 1166 2124 Dominico
1198 2093 1308 2124 natus
1340 2092 1394 2124 est
1414 2088 1644 2133 (secundum
1667 2097 1732 2124 ve-

967 2134 1104 2171 riorem
1151 2136 1387 2182 opinionem)
1433 2135 1559 2172 Mariae
1590 2133 1727 2181 purifi-

966 2183 1063 2219 catio
1084 2183 1125 2219 iu
1145 2183 1245 2219 diem
1267 2183 1443 2220 Mercurii
1476 2183 1667 2227 inciderit,
1689 2186 1731 2220 ut

966 2230 1105 2276 patebit
1140 2231 1377 2277 computanti
1413 2231 1460 2267 40
1494 2231 1606 2267 dies:
1644 2240 1732 2277 ergo

966 2277 1029 2313 ille
1049 2278 1130 2314 dies
1163 2289 1242 2315 000
1262 2283 1317 2314 661
1355 2278 1586 2324 reputandus
1623 2277 1731 2332 quasi

965 2325 1062 2361 inter
1082 2325 1209 2362 minus
1244 2326 1374 2362 felices
1394 2336 1461 2372 pro
1474 2336 1684 2373 puerperis.

1012 2373 1305 2418 concludamus,
1350 2378 1387 2410 61
1435 2384 1503 2420 pro
1553 2372 1735 2412 coronide

963 2420 1188 2466 adjiciamus
1212 2421 1370 2458 Mariam
1401 2431 1479 2457 000
1511 2421 1637 2457 solum
1667 2421 1732 2458 le-

964 2478 1048 2504 sum
1068 2468 1248 2505 obtulisse
1269 2473 1304 2505 et
1333 2468 1537 2505 redemisse
1564 2469 1733 2517 quinque

964 2515 1082 2559 siclis,
1102 2516 1263 2561 (valebat
1284 2515 1399 2552 siclus
1421 2519 1606 2553 florenum
1637 2525 1732 2553 nos-

964 2568 1062 2599 trum
1084 2563 1362 2608 brabantieum)
1390 2564 1453 2600 660
1483 2564 1596 2600 etiam
1625 2563 1732 2602 obtu-

963 2610 1050 2647 lisse
1070 2612 1164 2647 duos
1192 2616 1368 2655 turtures,
1390 2611 1447 2647 vel
1479 2611 1576 2648 duos
1605 2610 1732 2658 pullos

962 2659 1255 2703 collumbarum,
1272 2669 1356 2705 quae
1376 2663 1453 2695 erat
1472 2658 1612 2695 oblatio
1632 2668 1730 2705 pau·-

962 2716 1107 2751 perum.
1133 2707 1183 2742 De
1213 2707 1282 2742 hac
1322 2717 1362 2743 16
1381 2717 1497 2753 agens
1528 2707 1726 2754 Origenes,

962 2753 1064 2789 hom.
1105 2753 1151 2790 ’14
1183 2754 1223 2790 iu
1263 2754 1416 2798 Lucam,
1455 2754 1506 2790 ait
1546 2765 1555 2791 :
1599 2767 1614 2787 α
1649 2754 1727 2800 Ego

959 2811 1045 2837 aves
1060 2801 1148 2837 istas
1169 2800 1295 2837 beatas
1315 2806 1404 2848 puto
1436 2812 1521 2847 quae
1552 2812 1621 2848 pro
1641 2804 1728 2840 ortu

962 2848 1114 2885 Domini
1144 2848 1279 2885 oblatae
1311 2853 1413 2885 sunt.
1461 2850 1506 2885 Et
1537 2848 1727 2896 quomodo

958 2895 1106 2932 asinam
1146 2896 1295 2932 Balaam
1328 2897 1455 2939 miror,
1478 2900 1515 2933 et
1548 2897 1727 2934 felicitate

957 2943 1172 2989 accumulo,
1194 2944 1283 2990 quia
1301 2944 1417 2990 digna
1436 2944 1549 2981 suerit
1569 2955 1650 2981 non
1667 2954 1727 2982 60-

958 2989 1038 3027 lum
1059 2991 1185 3028 videre
1211 2992 1395 3038 Angelum
1416 2992 1498 3038 Dei,
1518 2992 1585 3029 sed
1608 2992 1725 3030 etiam
