1858 3184
1622 147 1701 189 229

126 240 235 282 dela
251 239 485 293 1160116066,
506 238 594 279 afin
611 237 664 278 de
682 236 892 278 convertit
910 236 971 278 les
989 235 1208 289 pecheurs.
1239 234 1345 277 Mais
1374 246 1442 276 ces
1472 237 1700 277 sectateurs

126 305 179 346 de
197 305 239 345 16
254 305 349 346 voie
367 303 594 354 mauvasse,
615 314 681 343 ces
711 302 919 356 1161115605
949 302 1002 342 (16
1030 301 1073 342 la
1103 300 1220 342 chair
1250 312 1517 354 corrompue‚
1540 301 1700 354 1061111·

125 371 263 411 serent
292 370 351 410 165
381 368 716 411 avertissements
735 368 791 408 du
816 367 928 420 juste
959 367 1047 407 Noe
1075 369 1119 406 et
1144 366 1186 406 16
1207 366 1308 416 voix
1339 365 1390 406 de
1421 365 1541 415 Dieu,
1564 370 1608 406 et
1637 379 1698 407 un

121 435 346 487 jugement
363 435 504 474 severe
525 431 651 472 suivit
674 432 717 472 la
744 431 1028 482 misericorde,
1053 431 1196 484 quand
1214 430 1413 471 l’univers
1446 430 1512 470 fut
1542 429 1698 472 inonde

552 159 730 191 1116111611
757 159 972 189 ammone
985 158 1055 188 ,116
1082 147 1273 189 L'Avenr.

43 544 52 552 j
123 511 201 552 par
228 511 287 540 un
315 498 563 550 cataclysme
583 497 810 538 universel.
836 511 855 536 «
877 497 1103 549 seigneur,
1121 496 1166 549 je
1194 495 1412 537 chauterai
1433 501 1550 536 votre
1571 495 1696 536 mise-

124 564 286 606 ricorde
305 566 347 604 61
363 565 483 603 votre
498 562 741 614 jugement.
764 577 783 600 1)
1438 591 1444 609 ,
1569 598 1572 601 Δ

176 632 220 671 4⁰
240 630 299 671 La
329 627 596 668 misericorde
625 628 802 681 preceda
834 628 875 668 la
905 627 1211 679 conflagration
1243 627 1294 667 de
1325 626 1521 675 Sodome,
1556 638 1628 666 car
1657 626 1699 668 16

124 694 331 747 861306111
349 705 505 734 61161166
523 693 771 743 1601610601,
794 693 825 732 11
843 693 991 733 attend
1011 704 1111 733 avec
1129 692 1320 745 patience
1353 704 1461 744 pour
1491 690 1583 732 voir
1613 690 1699 731 s’ils

123 771 168 800 se
185 757 481 800 eonvertiront,
509 772 530 797 (1
547 759 596 799 Je
615 758 875 808 descendrai,
898 758 1030 807 dit-il,
1052 761 1094 798 et
1108 757 1154 809 je
1174 757 1312 798 verrai
1332 757 1367 796 si
1387 758 1500 798 leurs
1532 767 1698 797 oeuvres

121 823 356 877 repondeat
375 825 400 863 6
419 835 465 863 66
482 824 542 863 cri
562 823 634 876 qui
654 826 716 864 est
737 827 876 863 1110016
893 823 1060 876 ⁴iusqu'a
1081 823 1182 863 moi.
1218 821 1395 874 (Genese.
1427 833 1547 872 xvm,
1567 821 1650 875 21.)
1676 837 1696 859 11

123 888 243 932 Voild
263 888 471 941 pourquoi
491 900 642 929 encore
668 889 698 928 il
728 889 821 929 dit:
848 903 867 927 «
901 888 1132 941 Pourrei-Je
1163 888 1313 928 cacher
1344 889 1369 927 6
1401 887 1615 928 Abraham
1651 898 1698 928 ce

121 965 202 1007 que
218 953 262 1006 je
282 953 372 994 dois
390 946 527 994 faire?
545 954 594 995 Je
614 955 695 994 sais
714 954 819 1007 qu'il
840 954 1075 994 ordonnera
1093 956 1119 994 6
1149 966 1213 994 565
1243 953 1425 1002 6016015,
1448 955 1492 993 61
1520 955 1546 992 a
1579 955 1698 993 101116

119 1010 166 1060 sa
186 1019 347 1059 maison
374 1019 496 1071 apres
527 1019 603 1070 lui,
625 1019 675 1060 de
709 1019 862 1071 garder
893 1019 935 1059 16
963 1020 1056 1059 voie
1087 1019 1143 1059 du
1184 1018 1409 1070 Seigneur.
1443 1016 1564 1071 (Ibid.
1587 1020 1635 1059 Π
1656 1020 1698 1058 61

120 1083 204 1137 19.)
229 1099 247 1121 n
271 1083 392 1124 Voila
410 1084 653 1136 6361610601
684 1085 891 1138 pourquoi
922 1085 952 1124 il
984 1084 1043 1124 lui
1077 1086 1240 1137 permet
1258 1083 1534 1124 d'interceder
1558 1095 1612 1123 en
1631 1083 1697 1123 fa·

117 1161 222 1190 veur
241 1149 292 1190 de
314 1149 495 1190 Sodome
514 1154 556 1190 et
576 1150 636 1190 lui
657 1154 823 1203 promet
842 1150 894 1190 de
914 1150 974 1190 les
993 1149 1175 1203 deliyrer
1189 1152 1299 1198 tous,
1316 1149 1381 1188 s'il
1394 1161 1422 1200 y
1435 1161 1460 1188 6
1473 1148 1547 1188 dix
1561 1148 1698 1200 justes

118 1214 254 1267 parmi
275 1226 339 1254 ses
356 1214 589 1255 habitants.
611 1215 731 1264 Mais,
752 1216 812 1255 les
831 1215 904 1254 dix
920 1216 1053 1267 1115165
1072 1227 1126 1255 06
1146 1215 1207 1267 s'y
1227 1215 1471 1254 trouverent
1495 1213 1633 1266 point,
1654 1215 1697 1253 et

117 1279 159 1320 16
173 1280 399 1331 jugement
418 1280 544 1320 suivit
563 1292 662 1321 avec
681 1293 739 1320 un
762 1280 832 1320 feu
852 1292 1058 1332 vengeur‚
1080 1280 1187 1320 mais
1206 1279 1236 1319 il
1268 1279 1334 1320 fut
1365 1278 1546 1320 voile-de
1575 1278 1697 1318 mise-

117 1344 293 1394 ricorde,
315 1345 492 1398 puisque
512 1345 618 1385 Dieu
637 1344 796 1385 delivre
814 1346 922 1385 Loth
942 1348 985 1385 61
1010 1357 1056 1385 56
1076 1344 1250 1395 familie,
1274 1356 1327 1385 en
1359 1344 1399 1383 le
1429 1346 1623 1396 pressant
1653 1344 1696 1383 et

118 1421 172 1450 60
193 1409 232 1450 16
252 1410 418 1461 forqant
437 1410 488 1450 de
508 1410 648 1459 sortir,
670 1423 722 1450 en
743 1412 984 1463 epargnant
1004 1412 1029 1450 6
1048 1422 1170 1450 661156
1190 1410 1241 1450 de
1262 1409 1322 1449 lui
1342 1410 1384 1450 la
1407 1408 1507 1449 ville
1534 1409 1587 1449 de
1625 1409 1697 1449 86-

119 1486 212 1526 gor.
236 1475 342 1522 Quoi
372 1475 501 1515 donc!
536 1475 594 1516 Ici
627 1487 779 1515 encore
811 1487 864 1515 06
893 1490 911 1511 ιι
945 1474 1220 1526 chanterai-je
1250 1487 1271 1512 11
1307 1486 1397 1526 1165,
1422 1489 1441 1510 α
1466 1474 1690 1526 seigneur,

115 1541 235 1580 votre
254 1539 525 1579 misericorde
544 1543 588 1579 61
606 1542 724 1580 votre
740 1540 987 1592 jugement!
1011 1556 1031 1576 »

170 1605 214 1643 5⁰
235 1605 292 1644 La
311 1603 580 1645 misericorde
598 1605 777 1658 precede
795 1605 834 1645 la
854 1605 1117 1646 submersion
1143 1605 1194 1645 de
1223 1604 1419 1645 Pharaon
1450 1607 1493 1644 et
1523 1603 1575 1644 de
1594 1603 1692 1644 l'ar-

116 1669 211 1708 mee
229 1669 505 1721 egyptienne‚
527 1669 705 1722 puisque
725 1671 854 1710 Moise
874 1670 935 1710 lui
959 1670 1169 1711 demanda
1188 1670 1222 1710 si
1252 1671 1429 1710 souvent
1459 1668 1618 1709 d'obeir
1637 1681 1693 1710 au

113 1736 309 1786 precepte
347 1734 462 1774 divin
490 1738 533 1775 et
569 1736 621 1775 de
658 1747 864 1788 renvoyer
901 1735 941 1776 16
977 1736 1128 1789 11601116
1159 1735 1343 1786 d'Israel,
1386 1733 1588 1787 puisqu'il
1624 1734 1693 1774 fut

116 1799 251 1839 averti
268 1811 345 1850 par
364 1800 436 1840 des
454 1800 652 1852 prodiges
670 1801 841 1841 celestes
861 1805 902 1841 et
921 1801 992 1841 des
1011 1801 1142 1854 plaies
1161 1804 1339 1841 souvent
1357 1801 1545 1852 repetees
1563 1799 1615 1839 de
1637 1810 1692 1840 06

114 1874 190 1914 1165
209 1863 400 1904 endurcir
419 1877 493 1904 son
514 1877 644 1906 coeur.
667 1867 785 1914 Mais,
807 1878 971 1906 comme
989 1866 1019 1906 il
1039 1866 1239 1906 demeura
1259 1865 1414 1906 rebelle
1428 1867 1450 1904 a
1470 1864 1512 1905 16
1530 1864 1629 1904 voix
1648 1867 1691 1905 61

114 1929 140 1967 a
170 1928 211 1968 16
241 1928 410 1969 volonte
442 1930 493 1970 de
525 1931 645 1981 Dieu‚
679 1931 709 1971 il
742 1933 927 1984 eprouva
958 1931 1073 1972 enfin
1105 1943 1179 1971 son
1205 1932 1430 1983 jugement
1457 1933 1499 1970 61
1530 1942 1577 1970 56
1591 1930 1689 1983 jus-

113 2065 205 2102 catis
225 2075 359 2101 omnes
378 2065 576 2103 deterreat.
598 2067 669 2103 Sed
690 2078 779 2105 cum
801 2078 879 2104 mo·
912 2068 1020 2115 justi,
1042 2067 1305 2104 liberationem
1330 2068 1503 2104 omnium
1524 2068 1686 2114 promit·

113 2112 218 2166 0116·
227 2112 319 2158 justi
358 2113 438 2151 Noe
473 2114 716 2162 divinamque
747 2126 877 2153 vocem

115 2159 292 2196 hommes
311 2160 387 2202 isti,
410 2161 509 2198 viam
540 2167 726 2209 corruptae
751 2163 877 2200 carnis

113 2212 312 2251 sectantes,
333 2208 585 2255 despicerent,
615 2210 783 2257 sequitur
815 2222 876 2247 56-

112 2265 244 2292 verum
278 2255 480 2302 judicium,
522 2258 726 2295 universali
772 2264 876 2295 cata-

111 2301 246 2340 clismo
268 2302 399 2340 orbem
420 2304 630 2342 inundante
652 2316 661 2342 :
688 2321 701 2337 u
726 2306 875 2343 Miseri-

112 2350 281 2387 cordiam
317 2357 352 2388 et
390 2352 580 2389 Judicium
601 2352 761 2390 cantabo
793 2354 874 2398 tibi,

116 2397 324 2434 Domine.»

158 2445 194 2482 A.
207 2445 402 2482 Praecessit
417 2446 674 2484 misericordia
684 2452 773 2484 ante
786 2458 877 2485 con-

115 2493 373 2539 flagrationem
409 2494 606 2539 Sodomae,
645 2506 734 2532 nam
774 2496 876 2532 16010

114 2538 230 2584 gradu
261 2540 429 2586 procedit
460 2542 658 2589 Dominus,
692 2543 876 2589 patienter

115 2590 318 2669 6186616115
356 2588 386 2624 51
424 2588 518 2626 forte
556 2595 824 2627 convertantur
865 2601 872 2627 :

120 2646 134 2664 ι
189 2635 403 2679 escendam,
424 2636 563 2683 inquit,
595 2642 630 2674 et
663 2638 809 2683 videbo,
845 2638 876 2675 si

115 2679 334 2727 clamorem,
367 2684 433 2729 qui
463 2685 566 2721 venit
586 2685 633 2721 ad
658 2695 734 2730 me,
764 2696 876 2732 opere

115 2727 400 2774 compleverint,
437 2746 450 2763 n
486 2732 570 2769 ideo
590 2733 682 2769 dicit
703 2744 711 2770 :
740 2747 754 2764 α
776 2734 876 2771 Num

116 2773 273 2812 Abrahae
295 2777 428 2830 ,celare
458 2784 588 2825 potero
607 2790 691 2827 quae
710 2781 877 2818 facturus

116 2823 227 2875 sum?
245 2822 330 2859 8610
343 2825 440 2870 quod
455 2832 709 2874 praecepturus
725 2829 772 2865 sit
788 2829 877 2865 tiliis

117 2878 210 2914 51115,
231 2871 499 2910 11161151οἀ16οι
527 2875 628 2911 viam
660 2875 824 2913 Domini.
859 2891 872 2908 n

117 2916 315 2963 Propterea
336 2918 450 2972 etiam
468 2920 757 2960 intercessorem
789 2934 877 2960 eum

117 2973 200 3001 esse
225 2966 422 3012 permittit,
452 2971 489 3005 61
516 2969 549 3006 51
576 2970 708 3007 decem
738 2972 875 3009 fuerint

917 2116 972 2152 tit.
995 2115 1065 2151 Sed
1087 2116 1174 2162 quia
1194 2116 1326 2152 decem
1343 2116 1435 2161 Justi
1456 2125 1534 2151 non
1566 2114 1689 2159 fuere,

916 2163 1085 2209 sequitur
1101 2163 1289 2209 judicium
1312 2163 1351 2199 in
1373 2162 1539 2199 vindicta
1570 2161 1686 2208 ignis,

916 2211 1165 2247 commixtum
1218 2215 1346 2247 tamen
1396 2209 1686 2255 misericordiae,

915 2259 1006 2294 dum
1036 2258 1127 2295 Loth
1161 2262 1197 2294 et
1230 2258 1414 2294 familiam
1435 2258 1516 2303 ejus
1537 2257 1687 2304 liberat,

915 2316 1053 2352 urgens
1085 2310 1121 2342 61
1153 2316 1293 2352 cogens
1325 2315 1412 2342 eum
1445 2306 1567 2347 exire3
1594 2305 1687 2341 dum

915 2353 1028 2390 etiam
1059 2358 1211 2400 propter
1242 2363 1373 2399 preces
1405 2352 1486 2398 ejus
1517 2352 1607 2389 urbs
1625 2352 1685 2389 Se-

914 2412 980 2448 gor
1018 2406 1198 2437 servatur.
1227 2401 1324 2445 Quid
1363 2401 1477 2446 igitur
1496 2402 1511 2436 9
1548 2399 1687 2437 Nonne

914 2449 1028 2485 etiam
1050 2449 1111 2486 bic
1134 2459 1142 2484 :
1164 2461 1178 2479 e
1195 2448 1495 2485 Misericordiam
1514 2451 1551 2483 et
1574 2447 1685 2485 Judi-

913 2497 1018 2534 cium
1038 2495 1199 2533 cantabo
1220 2496 1303 2540 tibi,
1327 2495 1537 2532 Dominc?»

961 2546 997 2581 5.
1045 2544 1238 2581 Praecessit
1290 2542 1553 2579 misericordia
1595 2546 1684 2580 ante

915 2591 1077 2639 AEgyptii
1110 2591 1240 2638 populi
1260 2600 1348 2627 cum
1382 2590 1479 2636 Rege
1500 2600 1568 2627 suo
1589 2589 1683 2627 sub-

914 2639 1144 2676 mersionem
1167 2650 1174 2675 :
1198 2639 1286 2684 quia
1306 2642 1342 2673 et
1362 2637 1556 2674 multoties
1569 2647 1682 2684 roga-

915 2691 974 2723 tus
994 2687 1064 2723 fuit
1090 2697 1157 2733 per
1177 2686 1347 2730 Moysen,
1363 2690 1404 2720 ut
1423 2685 1552 2722 divino
1578 2695 1682 2732 pare·

914 2738 971 2771 ret
1003 2738 1210 2781 praecepto,
1244 2732 1469 2769 dimittendo
1502 2732 1681 2770 israeliti-

915 2792 1003 2819 cum
1022 2781 1226 2827 populum
1248 2784 1283 2815 et
1302 2779 1520 2816 coelestibus
1550 2779 1683 2827 prodi-

915 2830 986 2876 giis
1005 2839 1049 2865 ac
1069 2828 1189 2874 plagis
1210 2827 1320 2863 toties
1338 2827 1507 2874 repetitis
1522 2827 1590 2864 fuit
1609 2827 1680 2864 ad-

915 2876 1149 2918 monitus,ne
1168 2875 1362 2911 induraret
1381 2885 1446 2912 cor
1466 2885 1591 2911 suum.
1607 2875 1682 2912 Sed

915 2924 1004 2970 quia
1023 2922 1176 2959 rebellis
1194 2922 1403 2968 permansit
1428 2923 1567 2959 divinae
1595 2922 1680 2960 voci

916 2976 952 3008 et
980 2970 1180 3016 voluntati,
1210 2969 1398 3016 judicium
1425 2974 1462 3007 et
1494 2969 1680 3017 justitiam
