1858 3184
872 157 1060 199 L'Aveur.
1704 160 1718 198 1
1729 160 1747 198 t

833 304 880 343 1¹·
909 303 1098 352 LECON.

453 409 519 450 ou
537 411 806 462 qe'me‘ssement
822 416 860 450 et
878 409 944 451 des
962 410 1084 449 ‹le'slrs
1102 408 1167 449 des
1186 407 1458 449 Patriarclies.

226 527 432 569 L'Ancien
453 529 696 569 Testament
715 541 821 569 nous
839 541 863 569 a
883 530 1080 569 conserve
1101 541 1151 568 88
1173 528 1310 581 grand
1330 527 1508 569 nombre
1521 526 1580 578 les
1601 528 1747 566 181801-

166 604 328 646 gnages
346 592 418 634 des
437 593 606 634 (ιι-(18813
625 594 757 635 desirs
775 594 876 634 dont
894 594 1109 634 bruleient
1130 594 1189 634 les
1208 606 1344 634 coeurs
1359 593 1431 632 des
1446 592 1579 645 justes
1592 591 1744 645 depuis

161 657 201 698 18
231 662 592 700 commencement
622 659 679 701 du
711 660 868 700 monde
895 659 1067 712 jusqu'a
1099 659 1383 699 l’aveuement
1409 658 1464 697 du
1486 657 1642 697 Christ.
1676 658 1740 697 En

164 723 279 775 effet,
300 723 398 764 bien
420 737 501 778 que
529 724 567 765 le
599 727 783 778 mystere
821 725 873 765 de
906 725 1217 775 l’lncarnation,
1245 739 1264 762 ((
1298 736 1344 764 ce
1383 722 1519 776 grand
1558 723 1742 774 myster-e

161 787 367 840 d'amour,
389 789 449 829 ait
468 791 534 830 ete
554 790 627 830 des
645 792 684 832 18
702 797 1062 831 commencemeut
1080 790 1154 831 des
1183 790 1328 829 siecles
1360 788 1488 828 cache
1522 801 1576 828 88
1612 788 1734 837 Dieu,

160 851 326 907 (Ephds.
348 855 418 904 111,
444 855 503 908 9.)
526 870 545 893 υ
582 856 709 896 cache
749 868 856 909 pour
894 857 951 896 183
990 856 1180 897 hommes
1218 856 1290 909 qui
1333 854 1519 894 vivaient
1546 853 1651 893 (1883
1685 852 1744 892 183

158 918 355 959 tenebres
391 919 447 960 du
476 921 644 970 monde,
668 934 745 974 per
779 934 860 962 une
893 922 1164 974 prerogative
1204 921 1255 961 (18
1295 922 1418 972 grace
1439 918 1635 972 speciale,
1658 918 1685 958 il
1718 931 1742 957 8

157 982 353 1036 toujours
372 984 625 1026 8181831888
644 987 670 1026 8
689 987 892 1040 quelques
918 986 1025 1027 amis
1045 987 1096 1026 de
1129 986 1249 1034 Dicu,
1274 986 1323 1025 ils
1353 985 1393 1025 le
1425 983 1740 1024 8088813381881

155 1060 233 1101 par
249 1048 290 1090 18
308 1048 367 1090 foi
386 1062 442 1090 ou
460 1063 538 1103 par
555 1050 713 1105 l’esprit
731 1053 782 1093 de
801 1052 1038 1105 prophetie,
1059 1052 1144 1092 afin
1166 1063 1247 1104 quc
1268 1051 1306 1091 le
1338 1052 1530 1092 Sauveur
1549 1049 1600 1090 de
1634 1051 1729 1088 tous

157 1113 217 1155 les
236 1114 381 1155 siecles
401 1115 465 1156 fot
484 1116 614 1157 adore
633 1130 687 1158 88
709 1121 801 1158 1081
820 1117 943 1158 siecle
971 1130 1047 1170 par
1071 1117 1273 1170 quelques
1291 1130 1383 1165 uns,
1407 1116 1490 1156 8118
1522 1127 1604 1168 que
1636 1126 1719 1154 non
1734 1120 1747 1125 “

156 1181 393 1220 seulement
412 1193 516 1223 ceux
537 1183 610 1235 qui
630 1183 854 1234 suivaient,
878 1183 983 1224 mais
1016 1195 1166 1223 encore
1187 1195 1292 1223 ceux
1314 1182 1386 1236 (181
1411 1181 1681 1235 precedaient
1702 1180 1740 1219 18

155 1247 308 1296 Christ,
329 1249 531 1291 criassent
550 1251 643 1289 tout
662 1249 790 1289 d'une
810 1248 909 1288 voix
933 1262 942 1288 :
965 1263 983 1286 «
1007 1248 1106 1288 11881
1126 1248 1207 1288 3011
1222 1247 1329 1288 88181
1345 1247 1417 1300 qui
1433 1246 1547 1287 vient
1562 1259 1615 1286 88
1637 1257 1739 1287 8018

159 1315 216 1356 du
239 1316 465 1369 seigneur,
487 1315 516 1355 11
536 1318 598 1355 831
616 1315 655 1354 18
675 1314 765 1354 vrai
794 1313 896 1354 Dieu
919 1317 962 1353 81
993 1314 1031 1354 18
1064 1313 1154 1353 vrai
1186 1313 1412 1365 seigneur,
1432 1325 1503 1352 car
1540 1312 1571 1352 il
1609 1324 1632 1351 8
1664 1310 1740 1351 fait

159 1381 347 1433 paraitre
366 1393 430 1421 383
448 1380 648 1420 lumieres
666 1392 738 1420 sur
758 1391 880 1419 nous.
900 1378 987 1432 (Ps.
1010 1390 1106 1429 an,
1127 1381 1180 1419 26
1199 1382 1240 1419 et
1258 1378 1343 1431 27.)
1366 1392 1386 1416 »

211 1445 331 1488 Voila
362 1445 571 1499 pourquoi
606 1445 646 1485 le
685 1446 889 1492 Sauveur,
922 1445 1041 1496 apres
1073 1456 1149 1483 308
1181 1445 1450 1494 81188818881,
1485 1442 1610 1482 (113811
1646 1455 1731 1482 aux

160 1510 270 1551 siens
294 1524 303 1551 :
331 1525 351 1549 ((
371 1511 569 1550 Heureux
587 1510 647 1550 les
666 1522 779 1562 yeux
807 1510 882 1562 qui
911 1509 1054 1549 voient
1087 1521 1133 1549 88
1165 1521 1246 1561 (188
1278 1521 1381 1548 vous
1412 1520 1558 1560 voyez‚
1593 1519 1664 1548 car
1689 1508 1735 1560 je

156 1587 261 1616 vous
279 1575 445 1616 declaro
465 1588 548 1628 que
568 1575 785 1627 beaucoup
806 1575 857 1614 de
877 1574 1102 1628 prophetes
1125 1578 1168 1615 81
1187 1574 1236 1614 dv
1260 1573 1343 1613 rois
1363 1577 1438 1614 ont
1458 1573 1651 1614 souhaite
1684 1574 1736 1613 de

159 1641 253 1682 voir
273 1653 317 1682 88
343 1653 425 1694 (188
454 1653 557 1681 vous
584 1652 716 1693 voyez
745 1643 788 1680 81
816 1652 869 1681 88
897 1640 1001 1680 1’081
1028 1640 1148 1693 point
1179 1652 1251 1679 vu.
1274 1639 1387 1692 (Luc.
1410 1651 1452 1690 x,
1473 1641 1524 1679 23
1545 1642 1587 1679 81
1605 1639 1689 1691 24).
1714 1654 1732 1676 υ

162 1706 272 1747 Βόὺ
301 1718 576 1760 pensez-vous
606 1717 688 1758 que
719 1706 892 1746 88133811
931 1705 970 1746 18
1010 1705 1120 1745 desir
1151 1704 1203 1745 de
1234 1704 1415 1753 ceux-ci,
1450 1705 1571 1744 sinon
1605 1704 1658 1745 de
1690 1716 1736 1744 ce

159 1783 257 1825 que,
279 1771 453 1813 eclaires
473 1770 570 1824 deja
587 1784 664 1825 par
683 1771 725 1812 18
744 1772 921 1811 lumiere
940 1774 983 1811 81
1002 1770 1042 1810 18
1062 1771 1136 1819 foi,
1159 1770 1211 1811 ils
1231 1770 1503 1822 regardaient
1517 1770 1567 1810 de
1588 1769 1674 1810 1018
1694 1774 1737 1809 81

157 1836 366 1878 3818818111
385 1836 494 1877 celui
514 1837 587 1889 qui
607 1836 748 1877 devait
768 1836 919 1876 venir?
939 1837 992 1876 Ils
1013 1836 1051 1876 le
1071 1836 1272 1888 voyaient
1294 1852 1311 1872 α
1336 1847 1499 1876 comme
1519 1847 1573 1875 88
1589 1847 1647 1875 88
1662 1835 1736 1875 mi-

156 1901 243 1942 roir
273 1905 315 1942 81
346 1914 399 1942 88
431 1902 503 1942 (183
535 1902 727 1954 enigmes
745 1901 798 1955 (1.
829 1901 924 1944 Cor.
949 1913 1039 1950 xul,
1076 1902 1175 1954 12),
1201 1914 1246 1941 88
1280 1902 1353 1955 (181
1392 1901 1452 1941 183
1491 1901 1632 1941 fnisait
1657 1913 1731 1954 ap-

156 1966 274 2020 peler
297 1980 316 2005 «
335 1967 408 2008 des
427 1968 632 2020 Voyants,
654 1982 674 2006 »
699 1968 806 2008 mais
825 1967 876 2007 ils
904 1967 1191 2007 souhaitaient
1221 1967 1489 2007 ardemment
1508 1966 1560 2006 de
1580 1966 1619 2007 18
1640 1967 1732 2006 voir

428 2189 596 2226 LECTIO
624 2190 653 2226 1.

279 2278 337 2312 De
355 2276 508 2324 yemitu
527 2279 564 2312 et
583 2275 799 2315 desideriis

368 2324 706 2361 patriarcharum
715 2352 723 2360 .

204 2406 271 2443 Fre
299 2405 521 2444 uentissima
540 2411 628 2445 sunt
655 2409 925 2446 testimoniaiu

155 2453 270 2508 veteri
322 2458 532 2492 8318188810
551 2456 766 2493 ardentium
781 2456 925 2493 deside-

155 2511 316 2547 riorum,
362 2502 475 2540 uibus
495 2503 703 2550 flagrabant
721 2505 836 2542 corda
846 2504 925 2551 jus·

155 2553 293 2595 torum,
325 2560 347 2585 a
405 2549 514 2588 initio
552 2551 682 2588 saeculi
720 2561 839 2600 usque
876 2553 923 2589 ad

154 2596 366 2635 Adventum
386 2598 537 2635 Christi.
561 2598 662 2636 Licet
693 2600 798 2637 enim
819 2611 923 2646 mys-

153 2644 293 2699 terium
343 2645 638 2691 Incarnationis,
681 2659 696 2678 «
743 2648 803 2685 Ma
829 2658 923 2685 num

181 2692 304 2729 1818113
334 2693 636 2740 Sacramentum,
657 2694 799 2732 abscon
828 2696 922 2733 itum

171 2739 269 2776 uerit
286 2751 309 2776 a
327 2741 477 2778 saecuiis
498 2742 539 2778 in
559 2742 648 2788 Deo,
674 2758 687 2775 υ
715 2743 923 2780 abscondi—

155 2789 239 2823 tum
260 2787 405 2826 scilicet
424 2789 472 2826 ab
493 2789 712 2827 hominibus
731 2790 773 2828 in
793 2792 922 2828 saeculi

157 2833 324 2889 tenebris
341 2836 592 2884 degentibus:
615 2848 764 2885 semper
795 2844 921 2876 tamen

157 2881 332 2938 specialis
349 2885 478 2931 gratiae
505 2887 751 2933 praerogativa
780 2887 921 2934 aliqui-

154 2927 227 2966 bus
258 2929 326 2967 Dei
355 2932 490 2970 amicis
516 2932 755 2971 insinuatum
780 2934 865 2982 fuit,
885 2939 922 2971 81

155 2976 303 3016 lumine
322 2977 410 3017 fidei
434 2980 493 3018 vel
513 2979 723 3029 Prophetiae
747 2982 922 3030 agnitum

940 2175 998 2208 'ct
1019 2171 1091 2208 hoc
1110 2172 1279 2218 quidem,
1300 2176 1341 2208 ut
1360 2171 1529 2208 Salvator
1558 2171 1732 2208 omnium

963 2220 1190 2256 saeculorum
1209 2220 1258 2256 ab
1272 2219 1464 2266 aliquibus
1474 2218 1581 2256 omni
1593 2218 1734 2255 saecuio

962 2267 1179 2304 adoraretur
1202 2278 1209 2304 :
1233 2272 1272 2304 ut
1292 2278 1371 2304 808
1391 2267 1516 2304 sotum
1526 2266 1735 2314 quiseque·

965 2314 1116 2359 bantur,
1139 2316 1203 2352 sed
1232 2320 1269 2352 81
1301 2316 1365 2362 qui
1398 2315 1585 2362 praeibant
1603 2313 1734 2350 Chris-

964 2367 1057 2400 tum.
1077 2374 1151 2400 una
1183 2374 1273 2401 voce
1304 2363 1514 2400 clamarent
1537 2372 1545 2398 :
1572 2376 1586 2394 ι
1611 2361 1733 2398 Bene-

963 2411 1087 2448 dictus
1112 2412 1177 2459 qui
1196 2411 1299 2448 venit
1319 2412 1359 2447 18
1377 2410 1535 2447 nomine
1564 2409 1730 2454 Domini,

966 2460 1062 2496 Deus
1086 2460 1283 2502 Dominus,
1304 2463 1341 2495 81
1361 2458 1487 2494 illuxit
1507 2455 1630 2494 nobis.
1655 2471 1670 2489 ι

1010 2508 1243 2555 Quapropter
1282 2506 1395 2543 etiam
1427 2505 1614 2551 Salvator,
1642 2514 1731 2542 cum

962 2555 1190 2597 advenisset,
1205 2554 1353 2592 dicebat
1373 2552 1473 2591 suis:
1490 2568 1504 2586 ι
1522 2553 1624 2590 Beati
1643 2561 1731 2590 ocu-

965 2602 1006 2646 11,
1026 2603 1091 2649 qui
1113 2603 1241 2640 vident
1270 2612 1354 2648 quae
1383 2611 1447 2639 vos
1473 2601 1609 2638 videtis
1630 2611 1639 2636 :
1663 2599 1730 2637 Di-

962 2661 1007 2686 co
1040 2650 1147 2687 vobis
1181 2650 1281 2696 quod
1313 2649 1425 2686 multi
1467 2648 1663 2696 Prophetae
1693 2653 1730 2684 et

964 2698 1080 2742 Reges
1100 2698 1302 2735 volucrunt
1322 2696 1462 2741 videre,
1482 2707 1567 2743 quae
1586 2706 1651 2733 vos
1670 2695 1729 2731 vi·

961 2745 1071 2789 detis,
1092 2752 1128 2782 et
1148 2756 1226 2782 non
1247 2745 1434 2781 viderunt.
1458 2760 1472 2778 »
1493 2744 1599 2782 Unde
1618 2747 1729 2790 putas

961 2794 1151 2830 oriebatur
1179 2792 1278 2829 istud
1305 2792 1536 2829 desiderium
1555 2791 1725 2834 iliorum,

963 2841 1035 2877 nisi
1055 2841 1153 2887 quod
1170 2841 1248 2886 jam
1270 2840 1358 2877 tidei
1383 2840 1469 2877 luce
1499 2839 1724 2883 collustrati,

960 2900 981 2924 a
1019 2889 1130 2933 longe
1160 2887 1407 2935 aspiciebant,
1432 2893 1468 2924 et
1512 2886 1727 2924 salutabant

961 2937 1188 2972 venturum?
1218 2935 1402 2973 videbant
1433 2945 1522 2972 eum
1548 2934 1629 2982 jam
1658 2944 1726 2981 per

959 2983 1158 3030 speculum
1189 2987 1224 3020 et
1255 2984 1298 3021 in
1327 2983 1531 3031 enigmate,
1559 2982 1661 3020 unde
1689 2986 1721 3017 et
