1858 3184
1678 181 1756 225 iu

183 273 292 315 ainsi
310 274 416 315 dans
445 284 531 314 888
557 282 641 313 vue
671 270 970 324 prophetique,
991 281 1063 311 car
1092 269 1123 310 il
1155 268 1377 323 prevoyait
1407 281 1490 323 que
1521 269 1574 312 de
1597 269 1758 324 loseph

182 338 412 379 8811181881
436 337 516 392 ‘des
547 335 646 377 Rois
665 335 741 388 qui
759 335 1014 376 tiendraient
1031 335 1072 375 18
1090 336 1252 387 sceptro
1283 333 1469 382 d’lsrael,
1492 346 1546 375 88
1574 347 1757 387 gouver-

180 406 284 444 nant
302 403 374 444 dix
389 401 541 444 Tribus
558 413 611 440 en
633 399 838 442 Samarie.
859 400 984 440 Voila
1002 399 1213 452 pourquoi
1243 398 1275 439 il
1306 399 1437 439 adora
1457 399 1496 440 18
1522 403 1684 453 sceptre
1704 401 1757 443 do

131 470 140 481 ⁴
178 469 350 522 loseph,
370 466 663 521 prophetisant
681 477 762 519 que
782 465 835 506 de
853 465 914 505 lui
933 465 1161 505 8811181881
1178 464 1251 504 des
1270 464 1354 504 rois
1374 476 1456 517 que
1489 464 1603 505 leurs
1622 466 1756 517 sujets

180 532 470 575 venereraient
500 543 554 572 88
585 531 842 571 5’180118881.
865 530 974 571 C’est
1005 529 1287 582 l'explication
1325 529 1492 569 (108888
1530 541 1607 582 par
1644 530 1757 571 saint

177 598 283 640 Jean
302 597 595 650 Chrysostome
615 598 659 637 et
677 608 754 649 par
772 596 1028 636 Theodorei.
1051 595 1170 644 Mais,
1193 606 1300 635 nous
1330 594 1551 635 affin-mous
1568 594 1683 648 qu'il
1701 594 1758 636 l’a

179 663 269 712 fait,
292 665 607 715 surtout,parce
627 673 724 715 que,
736 673 788 701 en
808 660 966 713 Joseph
985 665 1027 700 et
1045 660 1151 700 dans
1170 672 1246 700 son
1266 663 1441 712 sceptra,
1456 660 1485 699 il
1505 673 1530 700 a
1548 663 1680 712 prevu
1695 659 1757 701 les

178 729 382 781 mysteres
400 727 456 767 du
475 727 628 768 Christ.
651 726 760 767 c’est
778 725 987 779 pourquoi
1007 724 1185 778 l'apotre
1199 724 1381 765 attribue
1403 719 1706 778 speciale'meut
1729 726 1757 766 ὰ

178 792 297 835 lafoi
326 792 379 833 de
409 791 538 833 Jacob
569 794 676 834 cette
707 791 929 833 adoration
961 791 1011 830 de
1044 791 1085 830 la
1115 791 1270 842 Vei-ge.
1294 791 1356 830 En
1387 789 1545 842 Joseph
1577 789 1687 830 done
1725 788 1758 831 il

178 857 320 911 voyait
352 857 390 897 le
422 860 524 910 type
555 857 611 897 du
642 857 782 897 Christ
814 856 916 909 qu'il
946 856 1113 896 adorait
1132 867 1208 908 par
1228 856 1269 894 la
1301 855 1375 904 soi,
1397 866 1560 895 comme
1583 856 1754 904 devant,

178 922 315 963 881118
335 922 387 963 (18
404 921 465 962 181
483 925 525 962 et
544 922 699 962 devant
719 921 913 962 dominer
931 924 1025 962 tout
1046 920 1084 961 le
1106 920 1257 961 monde
1273 932 1350 973 par
1371 920 1412 960 la
1432 920 1653 973 puissance
1672 931 1757 974 que

178 987 216 1028 18
234 988 338 1027 Pere
357 987 417 1027 lui
436 986 550 1027 avait
569 987 749 1027 (108888.
771 988 884 1026 Dans
903 985 944 1026 18
964 987 1120 1038 Verge,
1142 997 1305 1026 comme
1337 997 1388 1025 en
1415 997 1473 1025 un
1493 984 1700 1037 symbole,
1723 975 1757 1026 11

177 1052 477 1093 reconnaissait
507 1056 614 1092 cette
644 1051 880 1104 pnissance,
901 1054 942 1091 et
974 1051 1005 1091 il
1038 1051 1202 1092 adorait
1234 1063 1280 1091 sa
1309 1050 1439 1100 croix,
1465 1051 1602 1102 Verge
1637 1050 1687 1091 de
1708 1062 1755 1091 sa

178 1117 412 1171 puissance,
434 1121 595 1170 sceptre
614 1116 665 1157 de
686 1117 727 1156 la
746 1116 906 1156 maison
928 1115 1115 1156 d'Israel.

231 1182 347 1231 Mais,
370 1182 577 1235 pourquoi
597 1181 809 1222 l’ecrivain
830 1183 945 1222 58018
966 1181 1083 1221 dit-il
1105 1192 1186 1232 que
1205 1180 1335 1222 Jacob
1355 1180 1487 1221 adora
1507 1179 1547 1220 le
1573 1181 1755 1221 sommet

176 1247 228 1288 de
248 1247 290 1287 la
309 1248 464 1299 Vei-ge,
485 1246 926 1287 vraisemblablement
945 1259 996 1286 en
1018 1259 1046 1298 y
1065 1246 1271 1298 deposant
1290 1258 1346 1284 un
1365 1244 1504 1284 baiser
1517 1242 1754 1297 mystique?

178 1312 222 1353 S.
243 1312 428 1366 Ephrem
447 1312 608 1365 repond
628 1313 653 1351 8
671 1312 756 1351 1)08
776 1311 888 1351 droit
908 1323 988 1363 qne
1008 1322 1052 1351 08
1073 1314 1253 1350 sommet
1271 1310 1323 1350 de
1343 1310 1383 1350 18
1403 1311 1542 1362 Verge
1575 1309 1754 1362 designa

178 1377 219 1418 la
236 1377 411 1417 tablette
429 1377 480 1417 de
502 1377 542 1416 la
561 1376 676 1416 croix
695 1389 766 1416 sur
785 1376 967 1428 laquelle
986 1376 1126 1416 devait
1145 1377 1234 1416 etre
1254 1375 1397 1415 iuscrit
1429 1387 1475 1415 ce
1502 1386 1604 1414 nom
1621 1374 1753 1415 vene-

177 1442 293 1483 rable
325 1443 376 1482 de
406 1441 518 1482 Je'sus
549 1440 596 1481 de
627 1440 847 1489 Nazareth,
881 1454 966 1494 que
996 1441 1124 1481 Jacob
1143 1440 1362 1493 prevoyait
1393 1440 1498 1480 8885
1527 1451 1603 1479 508
1622 1438 1754 1492 esprit

179 1507 472 1560 prophetique.
495 1507 691 1547 Mourant
710 1506 818 1547 donc
838 1506 941 1546 dans
960 1506 1002 1545 18
1021 1506 1081 1546 foi
1100 1506 1155 1545 du
1179 1505 1477 1557 Redempteur‚
1500 1504 1530 1544 il
1549 1515 1592 1544 se
1617 1504 1754 1556 preci-

177 1573 265 1625 pite
282 1584 390 1624 pour
408 1572 546 1611 baiser
576 1575 620 1611 et
638 1564 814 1611 venerer
833 1571 873 1610 la
891 1571 1026 1620 croix,
1048 1570 1086 1610 18
1108 1582 1224 1619 nom,
1246 1570 1285 1610 18
1306 1570 1476 1622 Sceptre
1496 1574 1539 1610 et
1567 1570 1608 1609 18
1634 1569 1752 1621 puis-

174 1648 297 1676 sance
316 1637 367 1676 de
388 1636 505 1677 Celui
525 1637 627 1688 qu'il
648 1648 699 1676 88
719 1636 891 1689 808ν811
911 1635 1029 1675 avoir
1048 1635 1086 1675 18
1105 1635 1300 1675 bonheur
1318 1635 1370 1675 de
1390 1635 1496 1674 voir.
1519 1636 1578 1675 De
1608 1634 1750 1675 meme

176 1701 520 1755 qu’aujourd’hui
540 1702 599 1741 les
619 1701 839 1742 Chretiens
872 1707 1089 1741 mourants
1122 1701 1357 1752 invoqueut
1384 1699 1669 1741 ,lesus-Christ
1700 1698 1753 1739 de
1796 1724 1800 1732 ·

175 1766 336 1807 bouche
357 1770 398 1807 et
417 1767 468 1806 de
489 1778 620 1814 coeur,
641 1770 682 1807 et
702 1767 863 1806 baiseut
891 1779 966 1806 508
998 1766 1166 1818 image;
1189 1765 1240 1805 de
1279 1766 1415 1805 meme
1447 1764 1576 1805 Jacob
1603 1763 1754 1805 voulut

174 1823 335 1872 mourir
353 1844 405 1871 en
426 1832 606 1872 adorant
637 1833 675 1872 18
695 1832 832 1872 Christ
851 1844 927 1884 par
946 1832 986 1871 la
1006 1832 1079 1871 foi.
1102 1832 1160 1871 De
1194 1831 1234 1870 18
1267 1830 1383 1870 vient
1419 1830 1521 1882 qu'il
1553 1832 1616 1869 est
1648 1828 1754 1869 80111.

176 1896 280 1949 qu'il
297 1897 445 1938 adoret
463 1898 501 1937 le
521 1898 730 1949 Seigneur
762 1903 804 1937 et
835 1910 921 1937 non
954 1898 1074 1950 point
1105 1897 1207 1949 qu'il
1226 1896 1375 1936 adorat
1407 1894 1580 1947 1058811.
1605 1888 1755 1946 Egale-

711 203 716 207 «
787 193 813 224 0
841 183 983 224 'ciuus
1011 192 1154 222 num.

175 2050 356 2094 potestate
395 2047 474 2083 filio
517 2057 584 2083 suo
633 2047 838 2095 impertita,
878 2058 943 2093 per
981 2045 1118 2090 ditam;
1139 2044 1181 2081 18
1201 2046 1315 2090 Virga
1346 2044 1475 2088 etiam,
1496 2049 1678 2090 tanquam
1711 2043 1775 2080 in‘

175 2105 287 2141 quam
310 2094 423 2131 etiam
444 2095 562 2131 multa
582 2094 707 2131 sutura
718 2094 943 2142 praesignata
982 2099 1085 2140 typo,
1114 2094 1212 2130 hanc
1251 2097 1470 2138 potestatem
1510 2089 1753 2138 agnoscebat,

177 2142 368 2179 cernebat.
983 2151 1208 2187 crucemque
1227 2140 1323 2186 eJ‘us,
1346 2140 1495 2183 virgam
1530 2139 1693 2183 virtutis,
1713 2142 1752 2176 81.

224 2188 444 2236 Prophetioe
476 2199 564 2235 ergo
595 2189 632 2226 id
665 2189 798 2226 1801558
828 2188 943 2226 Jacob
983 2194 1172 2235 sceptrum
1194 2188 1329 2224 domus
1360 2183 1490 2228 Israel,
1511 2184 1703 2222 adorabat.

175 2237 406 2274 credendum
443 2242 498 2273 851
531 2248 539 2273 :
568 2237 795 2283 praevidebat
840 2238 942 2273 88118

175 2294 221 2322 ex
279 2285 416 2332 loseph
456 2284 669 2321 nascituros
707 2285 839 2331 Reges,
879 2285 942 2331 qui

174 2337 347 2380 gererent
380 2336 570 2379 sceptrum
603 2332 733 2376 lsrael,
767 2333 844 2369 sive
874 2333 942 2368 de-

174 2390 257 2419 cem
295 2380 480 2417 Tribuum
526 2379 566 2416 in
611 2380 778 2416 Samaria
811 2391 819 2416 2
855 2379 944 2416 binc

173 2428 343 2465 adoravit
355 2434 546 2473 sceptrum
561 2428 713 2475 loseph,
733 2428 944 2464 vaticinans

174 2485 222 2512 ex
241 2475 309 2512 illo
336 2475 548 2512 nascituros
577 2475 710 2522 Reges,
730 2485 824 2522 quos
853 2476 944 2512 sub-

173 2523 243 2559 diti
262 2527 387 2560 essent
406 2533 520 2560 curvo
543 2523 686 2570 poplite
717 2524 941 2560 veneraturi.

174 2570 236 2608 Sic
267 2571 432 2617 explicat
461 2571 620 2607 Sanctus
640 2571 943 2617 Chrysostomus,

175 2622 213 2655 et
233 2618 489 2656 Theodoretus
521 2618 592 2655 Sed
622 2619 868 2655 asserendum
889 2624 941 2655 est

175 2663 216 2702 id
227 2666 469 2712 potissimum
484 2666 633 2710 fecisse,
647 2666 735 2712 qnia
750 2666 790 2702 in
804 2666 942 2712 loseph

176 2714 215 2748 et
232 2712 313 2758 ejus
343 2718 491 2760 5088110
522 2714 736 2760 praeviderit
767 2714 944 2759 mysteria

1030 2239 1102 2272 Cur
1123 2247 1208 2273 vero
1229 2235 1420 2282 fastigium
1440 2235 1560 2279 Virgae
1579 2233 1756 2270 adorasse

982 2284 1133 2326 dicitur,
1158 2284 1316 2329 mystico
1349 2281 1603 2318 verisimiliter
1623 2280 1756 2318 osculo

983 2332 1076 2368 illud
1096 2331 1363 2368 exosculatus?
1388 2330 1499 2366 Recte
1527 2330 1565 2365 B.
1596 2326 1758 2374 Ephreri

983 2390 1048 2426 per
1068 2379 1150 2415 fasti
1180 2380 1258 2415 ium
1278 2378 1379 2415 istud
1409 2378 1528 2423 Virgae
1556 2376 1757 2423 designam

983 2427 1074 2463 dicit
1103 2427 1154 2463 Ta
1183 2427 1298 2463 ellam
1336 2426 1474 2466 crucis,
1498 2426 1537 2460 18
1576 2434 1650 2470 qua
1680 2434 1755 2461 uo-

985 2486 1071 2511 men
1091 2475 1190 2512 istud
1211 2474 1468 2511 venerandum
1487 2475 1598 2508 lesus
1616 2473 1755 2509 Naza-

988 2534 1103 2559 renus
1122 2522 1355 2559 exarandum
1394 2524 1486 2564 erat,
1508 2518 1610 2565 quod
1641 2522 1678 2556 et
1713 2519 1756 2556 in

983 2571 1117 2617 spiritu
1154 2570 1269 2607 Jacob
1307 2566 1547 2615 praevidebat.
1588 2565 1755 2604 Moriens

983 2629 1072 2664 ergo
1092 2618 1133 2654 in
1149 2618 1223 2654 1188
1237 2614 1510 2661 Redemptoris,
1523 2614 1634 2651 irruit
1647 2624 1756 2652 oscu-

985 2666 1143 2709 laturus,
1195 2669 1230 2701 et
1286 2668 1531 2699 veneraturus
1578 2662 1753 2706 Crucem,

987 2714 1149 2757 Nomen,
1159 2713 1356 2758 sceptrum
1367 2715 1403 2746 et
1416 2710 1639 2747 Potestatem
1650 2709 1754 2746 illius

177 2758 316 2797 Christi
343 2771 352 2798 z
386 2761 470 2798 1880
501 2761 701 2808 Apostolus
732 2762 945 2808 specialiter
983 2761 1092 2807 cujus
1129 2764 1283 2806 aspectu
1304 2758 1377 2794 frui
1408 2768 1487 2795 non
1516 2761 1673 2804 poterat.
1710 2756 1757 2796 Ut

177 2807 348 2844 attribuit
366 2807 453 2845 fidei
473 2808 588 2845 Jacob
628 2808 727 2846 hanc
754 2809 944 2846 88018110-
984 2810 1081 2845 51081
1102 2818 1206 2844 nunc
1227 2805 1430 2842 Christiani
1463 2805 1670 2842 morientes
1687 2804 1757 2841 18-

179 2864 270 2891 8818
287 2854 420 2902 Virgae.
444 2857 488 2892 In
515 2856 653 2903 Joseph
688 2866 776 2902 ergo
814 2861 945 2903 typum
984 2867 1067 2892 sum
1089 2854 1322 2891 Crucifixum
1341 2863 1406 2890 ore
1431 2857 1466 2889 et
1498 2853 1612 2888 corde
1642 2852 1756 2888 iuvo-

176 2901 318 2938 Christi
337 2902 529 2949 cernebat,
542 2914 655 2950 quem
675 2903 750 2940 1188
766 2904 943 2941 adorabat
983 2908 1072 2940 cant
1091 2902 1270 2947 illiusque
1290 2900 1497 2947 imaginem
1523 2899 1755 2936 exosculan-

178 2959 224 2985 ex
246 2959 285 2985 se
304 2950 553 2996 nasciturum,
575 2955 612 2988 et
629 2951 712 2988 orbi
732 2951 946 2988 dominatu·
985 2956 1064 2992 tur;
1086 2950 1138 2985 ita
1158 2954 1193 2985 81
1211 2947 1327 2986 Jacob
1348 2947 1421 2985 fide
1447 2947 1641 2984 Christum
1665 2947 1756 2983 ado-

178 3006 264 3034 rum
284 3006 350 3044 per
368 3001 589 3044 potestatem
607 2998 682 3036 sibi
698 3009 722 3036 a
741 2998 849 3036 Patre
868 3003 945 3036 tra-
984 3007 1086 3042 rans,
1107 3007 1151 3034 ex
1186 2995 1256 3034 hac
1293 2996 1369 3034 vita
1403 2995 1586 3034 decedere
1617 2993 1757 3033 voluit.
