1858 3184
644 186 694 217 LA
719 185 959 217 8811808188
983 187 1037 216 na
1063 177 1239 217 81118011.
1654 179 1730 220 7¹1

168 262 275 304 dans
290 262 333 304 18
350 263 563 316 plenitude
576 264 648 307 des
666 268 817 318 temps,
837 264 869 306 il
887 264 1048 318 daigna
1064 265 1323 318 apparaitre,
1343 265 1462 306 Gelui
1482 266 1571 318 qui,
1595 281 1616 303 «
1635 278 1735 319 par-

167 326 258 368 lant
277 329 479 370 autrefois
497 330 548 371 de
566 328 683 371 mille
701 330 912 371 manieres
930 333 972 371 et
989 343 1087 370 sous
1105 329 1222 370 mille
1242 330 1397 371 formes
1417 332 1444 370 a
1460 342 1538 371 nos
1556 333 1692 384 peres,
1707 346 1730 368 n

163 403 242 445 par
270 393 429 446 figures
460 398 503 436 et
533 395 858 447 comperuimus,
882 408 908 436 a
938 395 1001 437 dit
1030 395 1144 436 enfin
1167 406 1177 436 ε
1203 409 1224 434 (ι
1253 395 1339 436 Moi
1370 396 1443 448 qui
1475 397 1642 448 parlais,
1665 408 1734 438 me

163 457 285 499 voici.
308 474 328 495 »
351 460 419 508 Et,
441 472 603 502 comme
637 460 842 500 autrefois
872 461 1004 502 Jacob
1034 461 1178 502 luttait
1206 463 1322 500 toute
1355 461 1395 500 18
1423 462 1518 501 nuit
1532 462 1735 515 jusqu'au

162 524 295 564 matin
314 535 414 564 avec
433 524 585 576 l’Ange
606 526 679 578 qui
699 526 831 566 tenait
851 526 892 566 18
910 526 1028 579 place
1047 526 1099 567 de
1119 527 1239 574 Dieu.
1253 525 1396 568 disant
1420 540 1428 566 :
1455 542 1475 563 «
1494 527 1544 568 Je
1559 539 1612 567 ne
1630 539 1734 568 vous

161 586 347 629 laisserai
356 589 472 642 point
484 590 588 630 81181·
601 602 684 643 que
696 603 797 631 vous
816 603 867 631 ne
881 591 1042 643 m'ayez
1055 591 1175 639 beni3
1190 589 1303 644 (Gen.
1316 602 1448 638 xxxn,
1467 591 1554 643 26.)
1569 607 1590 629 »
1607 593 1732 644 81881,

160 664 208 693 88
238 653 427 695 vieillard
460 654 618 695 luttant
648 668 750 696 avec
781 657 887 697 Dieu
914 669 992 709 par
1022 669 1087 696 ses
1118 657 1291 709 prietes,
1313 668 1368 696 ne
1398 656 1561 696 voulait
1592 669 1667 710 pas
1695 658 1735 699 ie

160 717 305 759 laisser
324 718 440 768 aller,
465 722 509 760 ni
529 722 617 761 8118
637 720 759 761 181888
785 721 904 767 81181,
928 734 1025 762 8888
1054 722 1174 762 avoir
1205 722 1363 762 obtenu
1392 721 1436 762 18
1467 722 1733 763 benediction

161 782 213 823 de
232 782 274 823 18
305 784 440 824 vision
473 785 529 825 du
564 787 770 827 Sauveur.
802 788 941 836 Anasi,
961 787 992 827 il
1021 789 1220 828 convient
1250 787 1302 827 de
1333 787 1395 827 lui
1422 786 1644 840 appliquer
1674 788 1734 829 les

159 848 327 900 paroles
345 849 452 890 dites
472 851 522 890 (18
540 851 669 892 Jacob
694 863 703 891 :
730 867 750 888 «
768 851 849 893 J’ai
880 864 937 892 vu
969 853 1006 893 le
1038 853 1265 905 seigneur,
1288 856 1330 892 et
1358 865 1459 892 mon
1488 854 1583 897 ame
1614 865 1638 892 a
1665 855 1733 894 818

160 915 328 955 sauvee.
351 930 372 952 »
395 916 567 957 Comme
587 916 616 957 il
636 920 697 957 est
717 917 779 958 dit
798 917 849 957 de
867 918 997 958 Jacob
1020 930 1030 958 :
1053 932 1073 956 ι(
1095 917 1128 958 Il
1159 917 1380 971 l'emporta
1409 930 1481 957 sur
1512 917 1659 970 l'Ange
1690 920 1735 959 et

159 979 320 1031 pleura,
343 994 363 1019 n
387 981 493 1020 ainsi
513 982 682 1022 celui-ci
700 995 776 1034 par
795 995 858 1022 ses
878 983 1030 1023 tarmes
1061 984 1281 1035 l'emporta
1310 995 1382 1022 sur
1414 983 1534 1023 Dieu.
1558 983 1589 1023 ΙΙ
1623 995 1733 1036 pou-

159 1043 247 1084 vait
278 1046 602 1087 veritablement
633 1047 723 1088 dire
755 1060 855 1088 avec
884 1049 922 1088 18
955 1049 1187 1098 Ρ881181818,
1210 1048 1314 1088 (1888
1346 1048 1529 1088 l'ardeur
1565 1048 1617 1088 de
1656 1060 1733 1090 son

159 1109 270 1149 desir
289 1114 331 1151 et
349 1110 390 1151 la
421 1111 598 1152 fermete
631 1113 683 1153 de
713 1125 786 1153 son
819 1115 1045 1165 esperance
1069 1127 1078 1154 :
1105 1115 1243 1154 «Mon
1276 1115 1372 1154 8188
1392 1126 1418 1154 8
1437 1114 1597 1154 (18181111
1628 1113 1734 1155 dans

155 1172 345 1215 l'attente
377 1175 427 1216 (18
462 1182 579 1217 votre
611 1177 831 1227 salutaire,
851 1183 894 1219 et
921 1179 996 1231 j'ai
1028 1184 1230 1219 conserve
1262 1191 1343 1218 une
1371 1181 1596 1231 esperance
1624 1181 1732 1220 tres-

159 1238 292 1280 ferme
331 1241 434 1280 dans
463 1254 537 1282 vos
568 1244 750 1295 perolas,
788 1243 874 1296 (Ps.
910 1255 1056 1294 cxvm,
1077 1243 1163 1297 81.)
1183 1260 1204 1280 »
1238 1255 1362 1297 parce
1394 1255 1491 1296 que,
1519 1244 1620 1284 dans
1657 1255 1733 1286 son

159 1316 288 1354 88881,
311 1308 405 1346 1088
422 1306 483 1346 188
502 1308 665 1349 enciens
684 1309 816 1349 (188118
835 1310 907 1349 (188
926 1310 1055 1350 saints
1077 1309 1340 1350 Patriarches
1360 1309 1517 1349 etaient
1537 1321 1590 1349 88
1611 1308 1732 1362 quel-

159 1381 242 1422 que
261 1374 371 1411 sorte
402 1375 601 1422 18881888,
625 1374 675 1413 118
707 1375 984 1415 debordaient
1012 1379 1055 1415 et
1083 1375 1286 1415 sortaient
1317 1386 1418 1414 avec
1449 1386 1534 1414 une
1561 1374 1726 1426 grande

156 1434 315 1482 ‚ar-deur
332 1449 425 1478 vers
439 1438 547 1478 celui
567 1439 639 1492 qui
661 1440 762 1480 81811
783 1440 956 1480 attendu
972 1443 1014 1481 et
1028 1440 1100 1493 qui
1116 1440 1219 1482 81811
1230 1441 1324 1492 pres
1338 1439 1390 1479 de
1408 1439 1543 1479 venir.
1560 1439 1732 1480 Simeon

161 1499 336 1552 figurait
367 1514 518 1544 encore
553 1507 644 1544 tous
675 1504 735 1545 les
767 1505 881 1554 Eius,
903 1506 1040 1545 meme
1073 1517 1178 1546 ceux
1210 1506 1283 1558 qui
1314 1504 1580 1545 viendraient
1611 1506 1734 1558 apres

162 1566 452 1608 sasas-Christ.
475 1570 657 1611 Ceux-la
676 1582 728 1611 en
749 1571 848 1611 eflet
868 1571 1053 1611 desirent
1071 1570 1435 1610 tres-ardemment
1454 1569 1547 1609 voir
1566 1581 1611 1609 88
1629 1569 1734 1610 divi-

162 1633 263 1683 nite,
287 1645 450 1675 comme
469 1636 641 1676 Simeon
662 1636 798 1676 desire
829 1636 922 1676 voir
950 1648 1024 1675 son
1056 1635 1339 1676 incarnation.
1359 1635 1414 1675 lls
1445 1634 1672 1687 regardent
1690 1634 1733 1675 18

161 1702 274 1740 18811
291 1713 453 1741 comme
473 1714 531 1740 un
565 1701 679 1754 gain,
701 1714 824 1754 parce
845 1714 927 1755 que
947 1701 986 1741 18
1005 1701 1144 1741 Christ
1174 1704 1237 1741 est
1267 1701 1308 1740 la
1339 1700 1406 1739 vie
1439 1703 1481 1739 et
1510 1699 1618 1739 celui
1649 1711 1732 1752 que

163 1765 333 1806 Simeon
351 1767 411 1806 vit
430 1767 536 1818 petit
555 1767 661 1806 dans
679 1779 754 1806 son
774 1766 1052 1814 incarnation,
1069 1766 1117 1806 ils
1138 1765 1387 1805 l’attendent
1405 1764 1612 1804 immense
1626 1763 1732 1805 dans

161 1830 416 1879 sadivinite.
448 1831 570 1871 Aussi
602 1832 661 1871 les
677 1832 813 1883 justes
845 1832 948 1870 dans
980 1831 1072 1871 leur
1103 1830 1177 1878 foi,
1199 1830 1258 1870 les
1289 1830 1481 1870 hommes
1504 1829 1733 1881 craignant

159 1896 266 1936 Dieu
284 1908 361 1949 par
380 1895 645 1948 respersione,
669 1897 728 1936 les
756 1897 870 1936 ames
901 1895 1097 1947 remplies
1130 1896 1187 1934 (18
1219 1894 1502 1946 Saint·Esprit
1533 1906 1609 1946 par
1639 1894 1734 1935 leur

161 2061 342 2100 apparere
361 2051 536 2097 dignatus
555 2055 624 2094 est,
646 2051 678 2086 is
703 2050 767 2097 qui
794 2062 816 2082 α’
831 2050 927 2086 1881-

163 2101 324 2137 tit'ariam
357 2099 562 2145 multisque
593 2099 715 2135 modis
746 2098 838 2135 olim
869 2099 926 2134 io-

163 2158 284 2195 quens
321 2148 361 2183 in
393 2146 576 2192 Patribus,
602 2162 615 2179 n
639 2157 705 2193 per
732 2147 852 2182 varias
881 2146 927 2181 si-

162 2195 399 2232 militudines
418 2199 455 2231 81
474 2194 627 2241 figuras,
644 2194 795 2230 tandem
817 2193 923 2229 dixit:

167 2257 181 2276 α
206 2243 282 2289 Ego
310 2243 375 2289 qui
407 2242 600 2288 loquebar,
622 2252 709 2278 ecce
734 2242 882 2277 adsum.
908 2254 922 2272 υ

164 2290 215 2328 Ac
235 2291 331 2327 sicut
351 2290 443 2327 oiim
462 2290 576 2326 Jacob
610 2289 822 2326 luctabatur
853 2293 928 2324 tota

163 2343 276 2375 nocte
307 2348 425 2384 usque
456 2348 567 2374 manc
599 2347 687 2374 cum
716 2336 857 2383 Angelo
878 2335 927 2371 vi-

164 2395 249 2423 cem
271 2386 336 2422 Dei
357 2390 523 2429 tenente,
545 2389 580 2421 et
600 2384 747 2420 dicebat
769 2394 778 2420 ε
805 2398 818 2416 «
843 2383 927 2420 Non

165 2432 353 2469 dimittam
372 2437 422 2478 te,
438 2433 511 2469 nisi
533 2432 773 2468 benedixeris
791 2431 923 2467 mihi.»

165 2479 227 2516 Sic
246 2483 281 2516 et
301 2479 364 2516 hic
383 2490 498 2517 senex
524 2479 699 2527 precibus
719 2478 929 2515 colluctans

166 2536 256 2564 eum
294 2527 384 2570 Deo,
409 2527 562 2565 nolebat
599 2537 686 2563 eum
724 2527 926 2569 dimittere,

165 2584 239 2611 nec
259 2573 305 2611 ab
325 2584 368 2610 eo
386 2575 540 2619 dimitti,
561 2575 637 2611 nisi
667 2574 929 2610 benedictione

168 2621 240 2659 sibi
260 2621 449 2668 impartita
466 2633 533 2669 per
552 2623 737 2659 visionem
767 2621 929 2657 Salvato-

168 2670 233 2706 ris.
257 2669 362 2706 Unde
380 2669 481 2706 idem
499 2671 598 2724 quod
617 2669 732 2706 Jacob
747 2670 782 2705 ei
796 2678 930 2705 conve-

169 2716 224 2753 nit
248 2726 257 2753 :
278 2728 291 2747 α
314 2716 397 2753 Vidi
419 2717 635 2761 Dominum,
658 2721 694 2753 et
713 2716 814 2753 salva
833 2716 930 2752 facta

170 2767 226 2800 881
242 2764 370 2800 881188
388 2774 488 2807 mea,
510 2778 524 2797 ι
549 2770 586 2801 81
617 2765 715 2801 sicut
744 2764 791 2799 de
815 2763 930 2800 Jacob

171 2810 309 2847 dicitur
330 2821 338 2847 :
365 2825 380 2844 α
403 2811 566 2848 18181811
594 2813 641 2848 ad
674 2811 874 2857 Angelum,
895 2815 931 2846 et

160 2858 286 2903 flevit,
312 2872 324 2890 n
348 2858 399 2894 ita
429 2863 466 2894 81
497 2858 558 2895 hic
589 2862 677 2896 fletu
706 2858 865 2895 invaluit
883 2858 931 2894 ad

173 2904 393 2942 Dominum.
413 2905 506 2942 Vere
525 2909 667 2952 poterat
697 2907 822 2943 dicere
842 2915 931 2942 cum

173 2951 385 2996 Psalmista,
404 2963 483 2999 prae
501 2954 762 3008 magnitudine
781 2953 932 2990 deside-

161 2999 222 3036 rii
241 2999 315 3045 881,
333 3004 370 3036 81
387 3010 466 3047 prae
486 2998 662 3039 firmitate
681 3002 762 3049 spei
784 3012 792 3038 :
819 3014 834 3033 u
859 3001 932 3037 De-

965 2050 1051 2086 fecit
1073 2050 1112 2086 in
1133 2049 1295 2087 salutare
1334 2053 1439 2086 tuum
1473 2048 1601 2084 anima
1631 2058 1732 2095 mea,

965 2102 1001 2134 et
1021 2098 1061 2134 18
1082 2097 1236 2134 verbum
1272 2102 1379 2133 tuum
1413 2096 1686 2142 supersperavi,
1713 2111 1727 2128 υ

966 2146 1053 2192 quia
1074 2146 1112 2181 in
1133 2145 1214 2191 ejus
1239 2145 1353 2181 corde
1382 2144 1605 2180 Sanctorum
1640 2143 1732 2180 Pro-

966 2193 1163 2239 phetarum
1196 2192 1350 2239 antiqua
1378 2191 1508 2228 omnia
1545 2189 1734 2227 desideria

965 2240 1245 2287 quodammodo
1266 2244 1373 2275 erant
1402 2238 1573 2284 collecta,
1595 2243 1631 2274 et.
1663 2247 1733 2274 ex·

965 2287 1190 2331 aestuabant,
1229 2287 1536 2332 exsaliebantque
1565 2285 1732 2322 maximo

965 2345 1054 2372 cum
1075 2335 1232 2379 fervore,
1253 2335 1294 2370 in
1320 2334 1429 2370 illum
1462 2333 1525 2380 qui
1559 2337 1639 2370 erat
1663 2342 1733 2369 ex-

967 2387 1145 2429 pectatus,
1167 2386 1203 2418 et
1235 2383 1406 2428 proxime
1422 2381 1502 2428 Jam
1529 2384 1723 2418 venturus.

968 2432 1088 2467 Immo
1134 2430 1287 2466 Simeon
1325 2439 1526 2476 personam
1577 2427 1728 2475 gerebat

966 2478 1139 2514 omnium
1179 2478 1407 2522 Eiectorum,
1447 2476 1557 2512 etiam
1602 2485 1735 2512 eorum

966 2526 1029 2572 qui
1058 2530 1142 2572 post
1161 2525 1351 2561 Christum
1378 2524 1494 2560 futuri
1523 2529 1643 2559 erant.
1686 2522 1735 2559 ui

967 2583 1105 2619 magno
1166 2573 1298 2609 ardore
1359 2571 1574 2608 desiderant
1626 2569 1733 2607 illius

967 2620 1093 2656 videre
1131 2620 1368 2656 divinitatem
1389 2648 1398 2662 ‚
1456 2618 1553 2655 sicut
1600 2621 1638 2655 81
1672 2617 1736 2654 ei—

968 2678 1080 2704 meon
1134 2667 1215 2713 eJus
1271 2667 1409 2713 optavit
1469 2666 1594 2702 videre
1648 2673 1735 2703 881·-

968 2726 1070 2752 nem.
1095 2714 1190 2752 Nam
1221 2719 1257 2750 et
1294 2714 1368 2760 ipsi
1400 2713 1619 2750 existimant
1656 2719 1735 2750 mo-

968 2763 1000 2799 ri
1040 2762 1202 2805 lucrum,
1233 2761 1370 2808 quibus
1406 2762 1529 2797 vivere
1565 2760 1737 2797 Christus

969 2814 1024 2846 est
1048 2820 1055 2846 :
1079 2814 1114 2846 et
1134 2819 1247 2855 quem
1287 2809 1348 2845 hic
1379 2810 1524 2855 aspexit
1556 2808 1596 2844 in
1622 2812 1738 2845 carne

969 2857 1183 2903 parvulum,
1217 2860 1418 2902 expectant
1457 2857 1497 2892 in
1537 2855 1738 2892 divinitate

970 2906 1214 2941 immensum.
1240 2904 1345 2941 Unde
1375 2903 1467 2948 justi
1500 2913 1545 2939 ex
1576 2902 1664 2947 fide,
1685 2902 1738 2940 ti-

970 2953 1105 2989 morati
1125 2962 1169 2988 ex
1196 2962 1276 2998 spe,
1297 2951 1436 2998 Spiritu
1472 2954 1602 2987 sancto
1630 2949 1739 2997 pleni

970 3010 1016 3037 ex
1046 2999 1243 3046 charitate,
1278 2998 1488 3036 inclamant
1510 3009 1519 3034 ε
1541 3010 1555 3030 ι
1578 2998 1738 3043 Quando
