1858 3184
200 146 229 188 2
894 149 1093 188 1110111011.

203 235 304 280 voir
335 253 356 274 «
380 235 426 278 la
457 235 611 291 plume
635 236 690 279 de
726 232 962 280 l’ecfivain
1002 238 1080 292 qui
1119 235 1230 280 ecrit
1267 237 1564 292 rapidement,
1581 252 1601 276 »
1630 239 1680 292 je
1716 250 1776 281 ne

203 324 327 367 peux
364 313 506 356 ecrite
544 326 633 368 que
672 314 1005 365 difficilement,
1043 309 1102 357 au
1146 314 1291 369 grand
1327 315 1571 368 dommage
1609 314 1664 357 de
1701 326 1777 357 ma

203 387 349 433 sante.
376 389 479 434 Mon
505 403 630 433 eoeur
656 404 748 434 non
768 392 870 446 plus
895 392 1012 434 n’est
1038 405 1119 446 pas
1146 410 1167 430 «
1186 405 1251 434 un
1278 404 1401 434 coeur
1420 392 1499 446 qui
1523 391 1646 446 parle
1667 404 1777 434 avec

203 467 465 510 abondance
483 467 527 510 la
551 468 701 511 bonne
719 469 873 523 parole
892 469 947 511 de
974 481 1022 511 sa
1042 467 1276 524 plenitude
1297 469 1560 524 spirituelle.
1577 485 1597 506 »
1624 466 1772 519 Enfin,

203 544 356 587 c’etait
380 546 542 600 perdre
567 558 652 588 son
676 548 839 601 temps,
863 545 1079 601 puisqu’il
1099 546 1241 589 existe
1265 545 1367 600 deja
1386 558 1477 588 une
1498 544 1700 600 quantite
1722 545 1776 588 de

203 623 554 664 commentaires
575 625 619 664 et
642 623 696 664 de
717 635 922 665 sermons
948 622 1082 665 ecrits
1107 634 1188 678 par
1208 623 1286 665 des
1306 626 1491 665 auteurs
1511 622 1776 665 tres-doctes

204 701 248 741 et
295 698 577 741 tres-diserts.
624 698 748 750 Mais,
783 712 901 742 vous
946 699 1104 742 n'avez
1148 712 1228 754 pas
1264 700 1404 741 voulu
1440 703 1645 754 acceptet
1680 711 1777 742 mes

204 787 409 827 excuses,
437 774 710 836 pretendant
736 789 824 832 que
854 778 902 831 ‚ie
929 775 1238 831 completerais
1264 777 1328 818 les
1353 777 1648 819 instructions
1677 777 1777 819 des-

202 851 346 894 tinees
383 866 472 895 aux
511 852 732 903 Pasteurs,
775 854 813 895 si
846 853 1196 908 j’entreprenais
1235 856 1349 896 cette
1387 866 1541 896 oeuvre
1574 856 1619 896 et
1656 854 1694 895 si
1727 855 1776 908 je

203 930 393 972 donnais
431 933 869 986 ce-couronnement
907 931 934 972 a
963 943 1074 972 mon
1106 943 1259 973 oeuvre
1294 929 1578 986 precedente.
1616 930 1665 972 Je
1701 942 1776 972 me

204 1007 340 1048 rends
367 1007 488 1048 enfin
516 1007 541 1048 a
567 1020 826 1061 vosssvoeux.
855 1007 905 1049 Je
925 1020 1039 1050 vous
1059 1007 1171 1049 offro
1196 1020 1259 1049 un
1287 1020 1418 1049 cours
1438 1007 1777 1050 d'Instructions

204 1084 455 1138 pastorales
475 1097 591 1138 pour
617 1083 793 1126 l'annee
813 1083 1003 1136 entiere,
1032 1083 1226 1126 divisees
1246 1085 1427 1127 suivant
1460 1097 1535 1126 ma
1562 1083 1776 1127 methode

203 1164 247 1202 et
274 1173 351 1202 ma
375 1160 596 1210 maniere,
627 1174 685 1203 en
715 1161 903 1214 Lecons,
932 1161 1011 1215 qui
1039 1164 1140 1203 sont
1170 1173 1347 1204 comme
1368 1164 1526 1204 autaut
1556 1162 1611 1204 de
1644 1162 1778 1217 petits

200 1238 376 1290 signets
405 1240 449 1279 ct
474 1238 530 1279 de
556 1239 717 1292 petites
752 1250 900 1280 roueS.
931 1237 1010 1280 Ces
1048 1238 1215 1292 Leeons
1250 1240 1531 1281 renferment
1555 1251 1647 1281 une
1680 1252 1775 1281 ma-

200 1313 313 1356 11010
339 1315 594 1357 abondante
620 1315 674 1357 de
701 1314 896 1370 laquelle
926 1315 1117 1367 chacun,
1141 1315 1321 1358 suivant
1346 1328 1427 1357 son
1453 1315 1609 1366 talent,
1640 1316 1776 1359 tirera

202 1404 267 1434 un
286 1403 469 1434 sermon
497 1404 556 1433 ou
579 1404 667 1433 une
695 1392 1000 1434 exhortation.
1027 1390 1129 1434 Cela
1148 1404 1207 1434 ne
1229 1391 1503 1434 demandera
1523 1405 1603 1447 pas
1630 1394 1777 1447 grand

204 1468 382 1521 travail,
406 1481 482 1510 car
507 1468 539 1510 il
568 1481 625 1511 ne
651 1469 784 1522 s’agit
810 1481 890 1523 pas
916 1469 971 1511 de
998 1471 1097 1511 tout
1123 1469 1236 1521 dire,
1258 1469 1372 1511 mais
1392 1469 1499 1512 bien
1526 1470 1582 1512 de
1611 1469 1778 1513 choisir

205 1558 256 1588 ce
282 1546 361 1600 qui
382 1546 597 1589 convient
617 1547 644 1588 a
669 1546 711 1588 la
731 1548 793 1588 ssn
815 1546 955 1600 qu’on
982 1559 1029 1588 se
1048 1558 1240 1601 propose
1261 1548 1305 1588 01
1326 1546 1352 1588 a
1377 1558 1458 1588 son
1478 1547 1699 1590 auditoire
1715 1547 1742 1589 ¹.

262 1621 347 1665 J’ai
373 1621 550 1665 intitule
584 1625 698 1665 cette
731 1635 882 1666 oeuvre
913 1623 956 1665 le
983 1622 1202 1665 RATIONAL
1229 1635 1305 1664 nas
1331 1621 1666 1675 Pm'zmcmwns,
1697 1636 1778 1679 par

246 1764 256 1784 ¹
275 1762 340 1795 J’ai
360 1762 407 1794 dn
429 1762 546 1795 variet·
563 1762 615 1795 les
635 1762 787 1804 pensees
816 1771 907 1804 pour
932 1762 985 1795 les
1011 1762 1167 1795 diverses
1187 1762 1386 1802 situations,
1407 1765 1441 1794 et
1461 1762 1579 1795 variet
1603 1763 1657 1796 les
1686 1765 1777 1796 mets

203 1810 347 1842 suivant
366 1809 399 1842 la
419 1809 584 1843 diversite
605 1809 667 1842 des
687 1809 813 1852 puluis.
834 1809 935 1851 (Note
953 1808 995 1841 de
1015 1808 1191 1851 Fatalem.)

202 2005 292 2045 savi
320 2016 387 2045 me
413 2005 676 2057 frequentius
699 2017 709 2044 z
732 2008 823 2044 tum
846 2005 958 2057 quod
991 2017 1074 2044 non
1097 2006 1205 2044 foret
1224 2005 1410 2044 calamus
1440 2017 1560 2045 meus
1589 2004 1776 2046 Calamus

204 2064 356 2107 Scribae
375 2063 558 2105 velociter
576 2063 795 2112 scribentis,
820 2064 890 2103 sed
912 2063 1115 2104 laboriose
1136 2075 1231 2103 cum
1250 2063 1499 2103 valetudinis
1519 2064 1774 2105 detrimento

203 2124 432 2171 exarantis,
456 2135 531 2164 nec
556 2136 627 2163 001
659 2136 816 2174 meum,
841 2123 920 2164 Cor
938 2136 1024 2163 cum
1043 2122 1288 2177 plenitudine
1318 2121 1482 2176 spiritus
1514 2122 1673 2163 verbum
1708 2122 1774 2163 bo-

203 2195 298 2223 num
318 2184 548 2233 eructantis,
572 2186 662 2223 tum
694 2183 807 2236 quod
841 2182 920 2222 1100
952 2182 1060 2222 foret
1091 2186 1234 2222 Actum
1266 2195 1397 2236 ayere.
1433 2182 1775 2235 quandoquidem

202 2234 439 2284 innumerae
470 2246 659 2296 prostent
677 2242 729 2282 de
756 2241 820 2281 his
840 2242 1225 2282 Commentationes
1257 2245 1297 2281 et
1326 2241 1558 2282 Conciones
1577 2255 1601 2281 a
1621 2241 1774 2282 doctis—

201 2303 316 2343 simis
336 2305 379 2343 et.
401 2301 699 2344 disertissimis.
723 2301 912 2349 interim,
935 2301 1033 2354 quia
1053 2301 1312 2341 excusationi
1334 2301 1472 2341 locum
1494 2301 1694 2353 negastis,
1717 2314 1776 2341 ns-

200 2364 387 2401 serentes
412 2358 653 2402 inchoatam
674 2373 696 2400 n
719 2372 786 2400 me
819 2362 1037 2401 Pastorum
1071 2360 1379 2400 institutionem
1400 2360 1568 2412 plenam
1590 2361 1695 2411 fore,
1716 2362 1774 2402 sic

200 2423 242 2461 et
264 2420 329 2460 1110
348 2420 533 2461 studium
560 2432 703 2460 recens
735 2420 1039 2473 impenderem,
1060 2420 1357 2472 proeteritoqne
1378 2420 1502 2472 Operi
1522 2420 1774 2461 Coronidem

201 2480 309 2519 hune.
328 2481 585 2533 adponet-em
604 2492 612 2518 ε
632 2491 683 2519 en
707 2478 853 2519 vestris
875 2478 1043 2518 tandem
1065 2478 1273 2531 obsequor
1293 2479 1399 2517 votis
1419 2482 1462 2518 et
1483 2478 1773 2519 instructionis

199 2539 426 2579 Pastornlis
446 2550 637 2579 annuum
658 2538 777 2579 trado
797 2537 1079 2586 Curriculum,
1102 2549 1176 2590 per
1203 2537 1418 2578 Lectiones
1450 2537 1568 2590 qnasi
1601 2549 1676 2590 per
1696 2539 1773 2578 110-

200 2597 309 2638 tuias
329 2601 369 2637 et
390 2598 563 2638 Notulns
582 2609 698 2639 111010
717 2600 760 2638 01
784 2597 894 2650 stylo
915 2609 1009 2637 mco
1029 2596 1290 2648 distinctum,
1312 2596 1531 2637 Lectiones
1552 2596 1618 2637 hoe
1638 2596 1773 2649 copio-

197 2668 287 2697 sam
309 2657 527 2698 materiam
549 2657 880 2706 subministrant,
904 2668 988 2709 qua
1013 2659 1160 2709 suopte
1190 2656 1369 2709 quisque
1402 2655 1573 2708 ingenio
1593 2656 1768 2697 Concio—

199 2727 295 2755 nem
318 2714 381 2756 vel
403 2715 753 2757 Eximi-tationem
773 2715 966 2756 adornet.
989 2714 1031 2755 ld
1061 2715 1220 2767 exiguo
1241 2714 1384 2756 labore
1403 2714 1495 2755 tieri
1516 2726 1635 2767 posse
1657 2727 1768 2766 1001,

199 2786 283 2814 non
305 2774 476 2827 quidem
498 2777 639 2815 omnin
661 2789 684 2815 n
706 2775 823 2815 nobis
843 2774 953 2814 dictu
987 2774 1260 2827 proponendo
1282 2786 1377 2814 num
1413 2786 1487 2826 pro
1508 2774 1634 2814 variis
1654 2774 1771 2815 varia

195 2833 371 2873 dic-enda
393 2834 525 2884 suere,
549 2842 589 2872 vt
621 2835 760 2876 varius
791 2834 908 2875 vario
942 2832 1082 2886 palato
1113 2833 1229 2873 cibus
1262 2832 1342 2872 suit
1373 2832 1424 2873 ad
1460 2833 1679 2885 ponendus
1698 2832 1769 2875 sed

194 2891 412 2937 solim-,ndo
434 2906 528 2946 qum
551 2899 646 2933 nunt
668 2892 935 2935 accommoda
958 2892 1008 2933 nd
1037 2892 1296 2946 propositum
1317 2896 1358 2931 et
1379 2891 1651 2932 auditorium.

248 2954 472 3012 usit-terum,
496 2957 609 3006 opus
639 2954 748 2995 iatud
781 2952 923 2995 vocavi
960 2954 1196 2993 timeum:
1229 2951 1637 3002 Eunomus-rium,
1659 2950 1768 2992 allu-

933 3020 970 3053 ’1

922 3065 951 3107 k
