1858 3184
716 49 728 66 t

1671 160 1749 203 621

179 256 205 295 a
222 253 401 295 certains
418 254 624 295 momenta
642 252 683 293 13
700 263 905 304 royaume
924 251 997 292 des
1015 253 1159 292 Perses
1191 252 1235 290 31
1267 250 1377 290 celui
1411 249 1483 290 des
1515 249 1753 290 Chaldaeus

179 322 255 360 ont
283 320 349 359 313
378 317 538 359 133315.
571 318 636 359 Un
667 316 903 364 sentiment
923 315 1250 370 tres-probable.
1284 314 1382 354 e’est
1415 314 1539 367 qu'ils
1571 317 1753 355 nesont

179 395 310 424 venus
330 383 375 423 ni
394 383 445 423 de
464 383 507 423 la
524 384 663 432 Perse,
685 382 731 422 ni
748 381 801 422 (13
819 381 861 421 13
880 382 1078 431 (3113Ιά33,
1105 380 1211 421 mais
1230 379 1281 419 de
1300 379 1484 419 l’Arabie
1519 381 1750 428 1133131153,

179 450 347 489 eontree
367 449 440 502 qui
458 447 627 501 produit
645 446 706 487 les
724 446 825 486 trois
847 449 1033 499 presente
1053 447 1248 498 apportes
1267 456 1343 497 par
1363 443 1423 483 les
1446 456 1591 495 mages
1612 446 1654 483 et
1673 443 1748 496 qui

179 516 243 554 est
258 513 397 554 fertile
416 525 468 553 33
486 512 721 553 ohameaux
739 515 781 552 et
800 524 853 552 33
873 511 1176 552 dromadaires.
1198 509 1296 550 Ceia
1325 511 1388 548 est
1413 509 1627 548 d'aiileurs
1649 521 1751 549 eon-

179 578 314 619 forme
343 590 426 618 aux
455 582 588 618 textes
619 577 808 628 allegues
841 577 968 629 deja:
996 593 1015 613 «
1037 579 1112 617 Les
1145 575 1230 615 1015
1262 574 1461 614 d’Aranie
1494 577 1535 613 et
1567 574 1617 613 de
1638 574 1749 614 Saba

178 647 448 696 apportarent
467 643 578 682 leurs
597 644 796 695 presents,
813 642 898 695 (Ps.
915 653 1023 690 Lxm,
1041 642 1123 694 10.)
1138 665 1190 670 —
1205 642 1297 682 Une
1316 639 1564 679 inondation
1581 639 1632 678 de
1649 639 1750 678 cha-

180 720 333 748 meaux
351 720 453 747 vous
472 708 679 757 eouvrira,
702 707 760 748 les
780 707 1064 747 dromadaires
1084 707 1134 746 (13
1156 706 1323 747 Madian
1359 708 1400 744 et
1433 704 1608 756 d’Epha.
1642 706 1753 744 Tous

177 772 400 813 viendront
429 773 480 812 de
510 772 636 822 Saba,
658 775 886 825 apportant
905 765 995 812 l’or=
1013 777 1055 812 et
1087 772 1285 811 l’encenS.
1308 768 1440 822 (kaie.
1463 779 1526 817 LX,
1550 769 1607 821 3.)
1631 786 1650 803 υ
1676 770 1753 809 Ces

176 839 311 878 textos
330 841 404 877 031
422 840 487 877 ete
506 837 730 889 aeeomplis
749 849 802 877 en
836 841 943 877 cette
975 838 1074 882 sete.
1099 848 1262 876 comme
1294 834 1547 886 l'indiquent
1579 826 1752 884 l'Eglise

176 901 280 942 dans
296 901 447 942 l’office
467 902 584 942 divin
605 907 647 942 et
667 902 726 942 les
741 903 883 942 Saints
907 903 1046 942 Feres.
1070 902 1176 941 C'est
1196 899 1405 953 pourquoi
1437 899 1547 938 saint
1578 898 1748 938 Jerome

176 967 238 1007 dit
260 979 269 1006 :
297 982 315 1005 ι(
337 968 503 1007 Madian
523 970 565 1007 et
583 968 702 1020 Epha
721 971 816 1006 sont
835 967 908 1007 des
928 967 1098 1018 regions
1120 965 1286 1006 (13-(1313
1307 964 1358 1003 (13
1378 963 1750 1011 l'Arabie‚fertiles

176 1044 231 1073 en
250 1033 498 1073 ehameaux.
522 1034 577 1072 La
597 1033 792 1084 province
812 1035 931 1071 toute
950 1032 1111 1071 3311313
1131 1029 1330 1082 s’appeile
1351 1029 1477 1076 Saba,
1498 1031 1541 1068 et
1569 1029 1669 1068 e'est
1700 1027 1753 1068 de

176 1097 218 1137 la
238 1110 320 1151 que
350 1098 442 1138 vint
471 1098 512 1137 la
544 1098 659 1138 reine
695 1098 746 1136 de
780 1097 905 1146 Saba,
929 1097 1110 1148 laquelle
1130 1096 1221 1135 vint
1241 1096 1410 1134 eeouter
1440 1094 1481 1133 la
1513 1104 1680 1144 sugesse
1701 1092 1754 1132 de

176 1163 392 1204 Salomon.
415 1161 541 1216 (Com.
564 1176 635 1202 sur
653 1162 772 1203 lsai’e.
794 1175 829 1201 e.
854 1162 935 1213 Lx.)
959 1177 978 1197 »
1003 1163 1058 1201 Ge
1080 1163 1143 1200 131
1166 1162 1202 1199 13
1241 1160 1466 1199 sentiment
1499 1157 1549 1196 de
1582 1156 1751 1197 Tertul-

176 1228 276 1277 lien‚
298 1229 350 1268 de
368 1228 479 1268 saint
509 1228 648 1269 Justin
682 1231 724 1267 et
754 1227 805 1267 (13
831 1227 941 1266 saint
973 1226 1168 1278 Cyprien.
1203 1226 1269 1272 Et,
1291 1236 1414 1276 parce
1448 1235 1529 1275 que
1563 1222 1748 1262 I’Arabie

176 1294 390 1334 Heureuse
409 1298 471 1334 est
491 1294 525 1332 si
543 1293 701 1333 voisine
721 1293 772 1332 de
791 1293 832 1331 la
854 1294 991 1341 Perse,
1017 1291 1144 1343 qu’on
1166 1290 1206 1329 la
1225 1288 1454 1340 eomprend
1484 1287 1753 1340 quelquefois

176 1370 271 1399 50115
290 1359 327 1399 13
347 1370 447 1398 nom
467 1359 518 1398 de
540 1360 674 1406 Perse,
698 1371 750 1397 au
772 1357 1043 1407 temoignage
1059 1356 1109 1395 de
1131 1355 1240 1394 saint
1260 1354 1415 1406 Cyriile
1436 1352 1748 1400 d'Alexandrie‚

177 1422 264 1477 (liv.
296 1435 338 1464 iv
372 1436 443 1463 sur
473 1423 591 1473 Ῑεαῖε,
613 1422 709 1462 desc.
731 1423 790 1474 4.)
815 1423 872 1461 ies
903 1423 1041 1468 Pei-es,
1066 1421 1138 1473 qui
1178 1423 1371 1459 assui-ent
1402 1430 1483 1470 que
1517 1418 1576 1456 les
1603 1428 1751 1468 mages

174 1489 372 1529 venaient
394 1490 445 1529 de
465 1488 505 1528 la
525 1490 663 1538 Perse,
688 1500 739 1527 33
758 1492 853 1526 5031
870 1499 943 1538 pas
964 1486 1049 1525 1013
1083 1485 1132 1524 (13
1166 1485 1205 1523 la
1235 1485 1383 1523 verite.
1406 1486 1545 1530 Quant
1564 1484 1588 1520 a
1609 1494 1654 1520 33
1675 1481 1748 1533 qui

176 1558 238 1593 est
256 1553 318 1593 dit
340 1565 349 1592 ;
370 1570 389 1590 «
410 1556 487 1594 Les
506 1554 589 1593 rois
609 1553 660 1592 de
673 1554 829 1592 Tharse
849 1555 890 1591 31
911 1551 970 1591 135
990 1551 1066 1590 1135
1085 1550 1145 1589 131
1166 1549 1362 1588 ofiriront
1382 1548 1494 1587 leurs
1506 1549 1711 1599 presente,
1727 1560 1748 1583 11

175 1622 218 1660 31
240 1634 259 1655 «
279 1618 502 1670 l'Etbiopie
522 1618 670 1658 tendra
690 1618 750 1657 135
770 1617 905 1656 mains
923 1628 1017 1655 vers
1038 1616 1157 1655 Dieu.
1180 1616 1256 1654 Les
1288 1612 1535 1665 Ethiopiens
1563 1624 1605 1652 53
1637 1623 1754 1665 pros·

174 1686 393 1724 terneront
407 1683 564 1723 devant
584 1683 657 1722 lui.
682 1699 701 1717 υ
724 1682 883 1722 Tharse
903 1681 1078 1732 designa
1099 1680 1138 1718 la
1158 1691 1263 1728 mer,
1286 1682 1327 1718 et
1360 1680 1468 1717 33113
1499 1677 1747 1729 expression

175 1748 260 1788 rois
278 1749 329 1788 de
348 1748 507 1790 Tharse
525 1747 693 1799 signitie
712 1747 771 1786 les
791 1747 875 1786 rois
895 1746 967 1797 qui
988 1747 1170 1796 regnent
1191 1744 1292 1783 daus
1312 1744 1370 1782 les
1391 1743 1466 1781 iles
1485 1742 1536 1780 de
1570 1741 1610 1780 la
1636 1752 1745 1790 mer,

176 1814 387 1866 peut-etre
406 1825 466 1852 un
486 1813 538 1852 de
557 1824 623 1852 335
644 1823 788 1862 mages
808 1811 978 1862 regnait
997 1810 1098 1848 dans
1119 1810 1177 1848 les
1198 1809 1271 1847 1135
1291 1808 1341 1846 (13
1364 1807 1405 1845 la
1425 1818 1516 1845 mer
1549 1818 1604 1845 ou
1638 1805 1754 1857 golfe

176 1877 392 1930 Persique.
425 1877 618 1929 Ethiopie
651 1877 827 1928 designo
859 1875 1301 1926 metaphoriquement
1338 1865 1509 1923 l'Eglise
1549 1871 1622 1923 qui
1659 1870 1750 1911 doit

719 163 824 205 nm
852 173 904 204 1111
932 161 1207 204 nummum.

180 2041 338 2078 regnum
372 2031 566 2067 Persarum
596 2035 632 2066 et
667 2029 940 2067 Chaldaeorum.
983 2027 1227 2068 camelorum,
1288 2026 1487 2071 omnisque
1558 2024 1753 2070 provincia

178 2079 336 2115 Interim
373 2078 674 2124 probabilissime
694 2078 843 2121 dicitur,
872 2087 943 2112 333

178 2137 224 2163 ex
246 2126 407 2170 Perside,
431 2137 501 2162 nee
522 2136 565 2162 ex
599 2125 788 2167 Cbaldaea,
812 2125 875 2161 scd
899 2135 941 2159 ex

177 2173 312 2210 Arabia
333 2174 455 2210 Felice
476 2185 538 2210 eos
565 2173 723 2218 venisse,
744 2173 830 2218 quia
865 2173 943 2207 {uec

177 2226 232 2258 est
255 2222 356 2268 regio
378 2232 460 2305 (1313
494 2220 714 2257 muneribus
749 2220 839 2263 11115,
862 2230 944 2265 quse

177 2269 276 2316 Magi
297 2269 386 2305 obtu
406 2274 529 2312 erunt,
551 2268 730 2313 abundat,
754 2272 789 2302 et
822 2277 943 2303 carne-

176 2316 237 2362 lis,
269 2317 602 2363 dromedariisque,
625 2316 687 2361 qui
721 2319 805 2351 suut
840 2314 942 2350 velo-

177 2364 322 2401 cissimi
354 2363 659 2408 33111311,1’3111115
690 2367 757 2398 est.
799 2364 943 2398 Conso-

177 2415 244 2448 nat
273 2412 372 2448 istud
403 2412 599 2458 seripturis
627 2411 706 2457 jani
739 2410 941 2455 allegatis:

184 2470 199 2489 α
223 2458 339 2505 Reges
354 2459 515 2496 Arabum
538 2464 574 2495 et
594 2458 689 2494 Saba
708 2458 806 2493 dona
830 2457 945 2493 addu-

180 2508 252 2542 cet.
276 2520 290 2539 n
315 2506 409 2542 Item
433 2517 441 2543 :
468 2520 482 2539 «
514 2506 669 2543 Dabitur
697 2505 731 2540 ei
769 2505 815 2540 de
853 2514 944 2540 auro

179 2551 337 2588 Arabiae.
363 2567 377 2586 »
401 2554 495 2590 Item
519 2565 527 2591 :
554 2570 567 2586 α
592 2552 794 2590 Inundatio
815 2562 943 2588 eame-

180 2599 304 2636 lorum
331 2601 472 2646 operiet
510 2606 557 2646 te,
598 2600 838 2643 dromedarii,
863 2599 943 2636 Ma-

179 2647 285 2691 dian,
312 2651 347 2683 et
366 2647 469 2694 Epha
490 2659 498 2685 :
521 2649 663 2685 Omnes
683 2649 728 2683 (13
760 2646 856 2683 Saba
888 2657 945 2682 ve-

180 2697 304 2739 nient,
324 2703 458 2731 aurum
484 2699 520 2732 et
541 2696 645 2732 .11135
676 2695 899 2731 deferentes.
925 2710 938 2727 2,

181 2743 272 2785 Quae
314 2743 508 2789 scripturae
557 2743 596 2780 in
637 2744 707 2780 hae
746 2742 944 2778 festivitate

179 2789 347 2836 impletae
367 2789 595 2836 indicantur,
637 2796 717 2827 tum
747 2789 793 2826 ab
820 2789 945 2826 Eccle-

181 2836 296 2872 siaiu
316 2835 441 2873 0111310
467 2847 547 2884 530,
570 2842 650 2875 1331
678 2839 793 2875 etiam
824 2849 845 2873 a
882 2836 942 2872 SS.

181 2882 367 2921 Patribus.
399 2884 504 2921 Unde
523 2889 674 2923 sanctus
692 2886 946 2930 Hieronymus

178 2929 222 2967 in
243 2933 312 2985 isa.
337 2942 372 2968 3.
392 2931 452 2968 60.
474 2931 527 2968 ait
548 2942 557 2968 ε
583 2946 598 2966 (ι
614 2933 766 2970 Madian
786 2937 822 2969 et
842 2931 947 2978 Epha

179 2987 355 3026 regiones
374 2983 464 3018 sunt
484 2984 586 3018 trans
603 2980 779 3019 Arabiam
804 2979 946 3019 fertiles

982 2076 1193 2121 appellatur
1222 2073 1331 2118 Saba,
1354 2073 1454 2109 unde
1494 2072 1563 2107 fuit
1601 2075 1637 2107 31
1657 2071 1753 2108 Saba

985 2123 1138 2167 Regina,
1155 2132 1239 2168 quze
1258 2122 1359 2157 venit
1374 2120 1598 2166 sapivutiam
1620 2119 1750 2156 audire

982 2170 1207 2206 Salomonis.
1253 2185 1265 2199 ι»
1313 2168 1427 2212 nujus
1466 2167 1664 2203 sententiae
1696 2171 1752 2203 est

982 2218 1252 2257 ’Νι-1311131135,
1295 2216 1480 2258 justinus,
1525 2213 1749 2260 Cyprianus.

984 2267 1027 2301 Et
1047 2266 1133 2312 quia
1155 2264 1287 2300 Arabia
1318 2264 1406 2299 felix
1441 2263 1495 2298 513
1528 2266 1583 2297 351
1616 2261 1752 2298 Persiae

983 2313 1120 2355 vicina,
1143 2317 1182 2348 ut
1203 2312 1316 2347 etiam
1336 2310 1526 2346 interdum
1559 2308 1628 2345 sub
1661 2308 1752 2345 Per-

982 2361 1047 2396 siae
1078 2361 1232 2396 nomine
1270 2357 1626 2404 comprehendatur,
1657 2359 1770 2392 teste-

982 2408 1120 2454 Cyrilto
1156 2407 1425 2450 Alexandrino,
1449 2405 1471 2440 1.
1494 2405 1530 2440 li.
1553 2405 1593 2439 in
1616 2404 1752 2440 isaiam

982 2460 1074 2492 orat.
1108 2456 1151 2499 la;
1187 2455 1278 2491 hine
1316 2455 1409 2490 sorte
1447 2456 1483 2488 et
1523 2452 1647 2487 Patres
1687 2451 1753 2497 qui

982 2507 1155 2540 asserunt
1173 2514 1194 2538 a
1216 2501 1364 2538 Perside
1379 2499 1539 2542 venisse,
1558 2509 1635 2535 non
1655 2498 1751 2535 mul·

984 2556 1063 2588 tum
1083 2551 1292 2586 dissonant.
1318 2549 1422 2592 Quod
1438 2552 1564 2583 autem
1585 2545 1749 2583 dicitur:

987 2614 999 2630 ιι
1026 2600 1143 2643 Reges
1167 2597 1321 2633 Tharsis
1354 2600 1389 2631 et
1424 2594 1558 2631 insulae
1592 2603 1752 2630 munera

982 2646 1154 2682 offerent.
1187 2661 1200 2678 »
1230 2648 1316 2679 11313
1341 2653 1350 2679 z
1377 2658 1390 2674 «
1432 2641 1620 2688 AEthiopia
1649 2651 1751 2687 prae-

982 2694 1107 2730 veniet
1127 2702 1263 2728 [nanus
1283 2691 1376 2736 ejus.
1403 2690 1490 2726 Deo.
1526 2689 1660 2725 Coram
1682 2687 1751 2726 ino

984 2741 1178 2788 procident
1201 2738 1404 2784 AEtbiopes.
1426 2752 1438 2769 υ
1459 2736 1623 2774 Νο13133
1636 2735 1751 2773 Thar-

983 2789 1035 2824 sis
1067 2787 1258 2823 interdum
1290 2784 1523 2832 significatur
1555 2794 1673 2829 mare,
1699 2783 1752 2820 ita

984 2840 1024 2871 ut
1043 2845 1123 2871 non
1143 2834 1190 2871 sit
1210 2833 1314 2870 aliud
1332 2833 1458 2869 dicere
1478 2832 1596 2878 Reges
1627 2831 1751 2868 Thar-

985 2883 1049 2925 sis,
1072 2892 1185 2929 quam
1206 2882 1323 2927 Reges
1343 2880 1407 2926 qui
1433 2883 1592 2926 regnant
1611 2878 1654 2915 in
1685 2878 1750 2915 in-

985 2930 1078 2966 sulis
1098 2929 1239 2972 maris;
1261 2932 1296 2964 et
1316 2927 1410 2963 forte
1437 2926 1576 2973 aliquis
1613 2926 1750 2963 horum

985 2978 1180 3025 Magorum
1220 2974 1485 3014 dominabatur
1527 2974 1571 3013 in
1612 2971 1750 3012 insulis
