1858 3184
506 148 553 179 m
584 147 860 178 cmconmsmu
890 149 942 177 mi
971 147 1344 179 norae-smenon.
1628 138 1708 178 555

136 230 245 279 sang*
263 227 475 281 preoieux‚
497 226 595 268 e’est
613 227 639 266 a
658 226 743 267 bon
762 226 875 267 droit
894 238 975 279 que
994 229 1086 267 tout
1105 225 1304 267 Chretien
1326 227 1470 278 espere
1489 238 1516 278 y
1536 228 1709 267 trouver

135 304 220 333 une
236 293 501 334 benedietiou
519 295 561 333 et
579 303 661 332 une
679 291 976 344 participation
1007 290 1245 332 abondante
1276 290 1402 331 d'une
1438 292 1560 342 grace
1581 291 1699 332 salu-

136 358 259 399 taire.
281 359 344 398 En
363 358 475 408 effet,
502 373 522 395 «
542 369 678 398 aucun
698 361 819 397 autre
840 369 940 397 nom
963 369 1059 397 sous
1079 357 1116 397 le
1135 356 1212 396 ciel
1246 355 1314 411 n'a
1345 357 1412 395 ete
1444 356 1584 396 donne
1617 368 1703 397 aux

138 422 343 474 hommes,
364 435 439 476 par
463 422 601 475 lequel
633 434 739 462 nous
758 422 932 462 devions
951 423 1039 462 etre
1059 423 1221 471 sauves,
1248 421 1353 474 (Act.
1375 432 1417 470 v,
1440 420 1523 473 12.)
1545 434 1564 458 υ
1601 424 1643 460 θῖ
1674 420 1706 462 il

135 499 190 528 ne
209 488 383 529 descend
402 500 472 528 sur
489 499 592 528 nous
612 487 776 527 d'autre
795 487 1062 527 benediction
1094 499 1177 540 que
1207 485 1310 526 celle
1341 486 1414 538 qui
1443 497 1549 525 nous
1580 498 1604 525 a
1635 488 1704 526 ete

136 553 310 594 meritee
328 565 405 606 par
421 565 495 592 son
516 564 638 605 sang.
661 553 741 592 Des
761 552 859 601 lors,
882 552 1057 592 l'enfant
1076 554 1192 592 etant
1213 554 1264 591 ne
1285 555 1328 591 et
1358 550 1574 600 circoncis,
1596 562 1703 590 nous

133 629 323 669 pouvons
339 617 399 658 lui
418 617 506 658 dire
525 630 571 658 ce
592 630 672 670 que
692 618 816 658 disait
834 618 1036 658 autrefois
1056 617 1093 657 le
1113 617 1266 670 peuple
1285 609 1492 668 d’Egypte
1507 618 1532 655 a
1545 614 1703 668 Joseph

136 693 210 722 son
240 683 462 723 Sauveur:
489 698 509 722 α
529 684 658 723 Notre
691 682 799 723 salut
830 686 892 723 est
923 686 1043 723 entre
1079 695 1153 722 vos
1183 682 1350 722 mains:
1374 680 1704 733 regardez-nous

134 747 365 788 seulement
392 747 491 788 d'nn
527 748 599 788 oeil
628 748 842 789 favorable
873 752 914 788 et
945 760 1053 788 nous
1086 747 1292 788 servirons
1324 747 1363 787 le
1395 746 1458 786 roi
1478 758 1580 786 avec
1595 745 1698 797 joie.

134 810 302 864 (Genese.
337 824 465 861 xnvn,
499 813 583 866 25.)
606 830 626 850 »
660 815 773 854 Pour
801 814 932 854 sei-vir
963 814 1002 853 le
1036 814 1112 854 Roi
1145 812 1357 853 immortel
1395 811 1590 852 invisible
1627 810 1701 851 des

128 876 272 918 siecles
294 878 397 918 dans
418 879 457 919 la
477 879 651 919 saintete
672 882 713 919 et
731 879 771 919 la
787 879 952 931 justice,
976 882 1018 919 et
1036 892 1143 932 pour
1163 878 1329 919 obtenir
1359 878 1398 917 le
1425 877 1548 925 salut,
1572 877 1602 916 il
1636 878 1700 916 est

128 942 356 984 neeessaire
377 956 458 996 que
479 944 584 984 celui
606 945 679 996 qui
699 947 762 985 est
780 944 1050 995 auJ'ourd'hui
1070 945 1218 984 decore
1239 944 1294 984 du
1309 944 1408 983 titre
1422 943 1477 982 du
1499 944 1698 983 Sauveur

126 1019 233 1046 nous
254 1009 432 1060 regarde
453 1009 551 1049 d’un
573 1010 646 1050 oeil
663 1010 891 1057 favorable‚
910 1022 1033 1062 parce
1055 1022 1138 1063 que
1158 1022 1234 1049 son
1256 1009 1408 1061 regard
1432 1011 1494 1048 est
1514 1007 1627 1060 plein
1648 1006 1700 1047 de

129 1073 254 1124 grace
273 1076 315 1113 et
334 1074 389 1128 de·
403 1074 686 1115 benedictino.
710 1076 817 1115 C’est
838 1075 878 1115 la
899 1088 944 1115 ce
965 1088 1047 1128 que
1078 1088 1184 1115 nous
1205 1075 1431 1127 indiquons
1451 1074 1558 1114 dans
1579 1077 1701 1115 notre

127 1139 242 1180 texte
266 1152 275 1178 :
302 1153 322 1176 α
341 1139 397 1179 Le
416 1140 527 1180 salut
544 1140 658 1180 vient
678 1140 733 1180 du
756 1140 980 1192 seigneur,
1004 1143 1046 1180 et
1076 1141 1174 1180 c’est
1205 1152 1322 1188 vom,
1344 1151 1444 1179 mon
1477 1140 1599 1188 Dicu,
1621 1140 1697 1192 qui

127 1202 314 1243 benissez
332 1207 451 1244 votre
471 1206 636 1258 peuple.
660 1221 679 1241 »
702 1207 770 1256 Et,
793 1218 954 1245 comme
975 1205 1079 1245 dans
1110 1205 1149 1246 le
1179 1205 1332 1258 peuple
1353 1205 1382 1244 il
1401 1217 1429 1256 y
1448 1217 1474 1245 a
1501 1204 1697 1245 diversit&

126 1266 179 1308 de
198 1269 448 1319 conditions‚
471 1270 617 1322 d’Ages
636 1275 678 1311 et
697 1271 748 1311 de
768 1282 884 1319 sexe,
900 1273 924 1310 a
944 1270 1131 1310 ehaeune
1150 1270 1346 1310 convient
1380 1282 1464 1310 une
1496 1269 1694 1310 benedic-

125 1332 217 1372 tion
247 1334 531 1386 partieuiiere.
560 1337 666 1376 C'est
699 1338 808 1376 cette
836 1332 1100 1376 benediction
1135 1348 1216 1389 que
1249 1347 1356 1375 nous
1387 1335 1696 1375 demanderons

125 1398 395 1450 aujourd’hui
415 1412 469 1439 au
490 1401 701 1453 Seigneur
721 1413 792 1441 sur
811 1401 972 1453 chaque
994 1402 1075 1453 age
1093 1404 1135 1441 et
1169 1414 1240 1441 sur
1270 1401 1432 1454 chaque
1460 1401 1690 1448 condition,

122 1466 166 1503 et
185 1476 266 1516 que
287 1476 393 1504 nous
413 1466 672 1518 appellerons
693 1466 748 1506 du
769 1466 847 1507 ciel
867 1478 975 1519 pour
1005 1466 1045 1506 le
1065 1466 1175 1506 salut
1195 1466 1246 1507 de
1266 1469 1373 1506 tous.
1409 1468 1524 1506 Nous
1554 1465 1692 1518 parle-

125 1540 222 1569 rons
241 1528 349 1569 done
366 1530 629 1571 brievement
650 1544 660 1570 ε

176 1595 218 1634 1⁰
237 1594 296 1634 De
316 1594 357 1634 la
377 1595 643 1636 benediction
663 1596 735 1636 des
754 1597 936 1637 enfants.

175 1660 218 1699 2⁰
238 1659 296 1700 De
316 1659 357 1699 la
376 1660 642 1700 benedietion
661 1661 733 1702 des
749 1661 765 1714 j
785 1673 900 1702 ¹unes
923 1673 1042 1714 gens,

173 1724 218 1764 3⁰
236 1725 296 1765 De
314 1724 357 1765 la
375 1725 640 1766 benedietion
661 1727 733 1767 des
747 1727 900 1779 jeunes
919 1726 1040 1768 filles.

173 1790 217 1828 4⁰
236 1788 297 1828 De
315 1789 358 1828 la
376 1790 641 1831 benedictina
663 1791 735 1832 des
753 1790 983 1844 personnes
1002 1792 1194 1832 mariees.

173 1854 217 1893 5⁰
237 1854 298 1893 De
315 1853 358 1894 la
376 1854 644 1896 benediction
665 1856 738 1897 des
756 1869 910 1897 veuves
928 1860 970 1896 et
988 1857 1060 1897 des
1080 1857 1304 1898 vieillards.

175 1919 218 1957 6⁰
239 1918 298 1958 De
320 1919 360 1958 ia
376 1919 642 1974 benedietion
663 1921 734 1961 des
753 1923 930 1974 preti-es.

116 2100 201 2155 ejus
216 2102 265 2155 sit
283 2103 581 2149 sacrotissimus;
604 2105 737 2141 merito
756 2106 882 2142 omnis
920 2111 973 2142 est
994 2107 1077 2143 sine
1096 2108 1213 2154 gratia
1241 2112 1277 2144 et
1310 2106 1585 2144 benedictione.
1611 2107 1689 2144 Ηοο

115 2148 351 2202 Qbrtstianus
376 2150 417 2187 in
446 2151 512 2188 illo
545 2156 667 2199 sperat
699 2152 879 2190 benedic-
919 2158 974 2190 est
993 2165 1081 2201 ergo
1102 2155 1201 2202 quod
1222 2156 1261 2193 in
1282 2155 1539 2202 propositione
1558 2159 1689 2192 nostra

116 2197 274 2241 tionem,
306 2202 342 2233 et
375 2199 505 2245 gratiae
541 2200 717 2236 salutaris
748 2201 880 2247 eopio-
920 2202 1134 2239 indicamus
1156 2213 1165 2239 z
1187 2216 1201 2233 ι
1237 2203 1388 2239 Domini
1419 2206 1475 2238 est
1507 2202 1624 2246 salus,
1650 2207 1688 2238 et

114 2253 196 2281 sam
231 2245 572 2298 participationem.
604 2263 617 2279 α
652 2250 737 2285 Non
776 2249 879 2285 enim
918 2260 1031 2296 super
1085 2250 1269 2297 populum
1314 2255 1421 2286 tuum
1472 2249 1685 2287 benedictio

114 2294 171 2327 est
199 2291 302 2329 aliud
329 2303 471 2331 nomeu
501 2295 572 2332 sub
603 2296 701 2332 eoelo
733 2296 774 2332 in
805 2306 878 2342 quo
919 2302 1028 2333 tua.»
1063 2298 1107 2334 Et
1143 2298 1231 2344 quia
1269 2298 1308 2335 in
1347 2297 1489 2344 populo
1525 2298 1684 2334 diversae

114 2342 283 2393 oporteat
312 2341 434 2378 salvos
466 2342 547 2379 tieri
571 2358 584 2375 ι
610 2353 681 2380 nee
713 2343 791 2380 ulta
810 2345 877 2380 de·
917 2349 1005 2381 sunt
1025 2346 1277 2389 conditiones,
1292 2350 1434 2389 aetates,
1449 2355 1579 2388 sexus;
1602 2344 1684 2381 uni·

114 2389 254 2440 rivatur
272 2397 313 2441 in
342 2399 412 2425 nos
444 2389 671 2434 benedictio,
693 2391 768 2427 nisi
787 2402 876 2428 san·
917 2393 1053 2439 cuique
1073 2393 1225 2440 propria
1246 2394 1421 2440 congruit
1455 2392 1685 2429 benedictio.

115 2441 242 2486 gulnis
259 2443 342 2480 ejus
369 2437 515 2474 merito.
539 2438 628 2475 Ideo
653 2448 769 2484 puero
790 2443 877 2475 nato
919 2441 1023 2477 uano
1041 2442 1149 2477 omni
1168 2441 1269 2477 aetati
1284 2445 1319 2477 et
1339 2440 1550 2477 conditioni
1573 2439 1685 2478 bodie

115 2482 395 2533 etelreumeiso
411 2484 536 2522 dicere
556 2496 758 2532 possumus
777 2487 876 2533 quod
914 2498 934 2523 a
970 2488 1130 2525 Domino
1168 2488 1446 2535 exoptabimus‚
1467 2492 1502 2523 et
1534 2497 1555 2523 e
1584 2487 1684 2531 ,coelo

112 2525 206 2563 olim
236 2527 398 2575 Josepbo
426 2532 573 2579 AEgypti
602 2533 782 2570 Salvatori
815 2534 875 2570 di·
914 2534 1183 2572 advocabimus
1219 2537 1267 2572 ad
1299 2537 1474 2572 omnium
1506 2534 1681 2572 satutem.

111 2572 221 2610 eebat
256 2577 418 2622 populus
445 2588 492 2615 t«
523 2581 632 2618 satus
668 2586 797 2618 nostra
835 2581 875 2619 in
917 2583 1092 2620 Dicemus
1112 2584 1226 2629 igitur
1246 2583 1418 2619 breviter.

112 2630 230 2676 manu
262 2626 339 2678 tua,
371 2628 516 2664 tantum
547 2628 692 2676 respice
722 2639 807 2671 nos.
839 2634 875 2666 et
961 2630 997 2667 t.
1021 2631 1073 2667 De
1094 2631 1357 2667 benedictione
1378 2630 1596 2666 Puerorum.

111 2667 189 2705 laeti
226 2679 431 2725 serviemus
464 2674 554 2720 regi.
580 2691 594 2709 n
618 2676 672 2713 Ad
703 2677 871 2714 servien-
959 2678 997 2714 2.
1020 2679 1072 2715 De
1092 2678 1357 2715 benedictione
1379 2678 1581 2714 Juvenum.

110 2714 570 2772 dum-regipaeeulorum
602 2723 808 2761 immortali
839 2729 874 2761 et
959 2725 995 2761 3.
1020 2726 1071 2762 De
1086 2725 1349 2762 benedictione
1367 2724 1676 2762 Juvencutarum.

110 2762 295 2801 111V1Slb111
324 2775 366 2802 in
391 2769 587 2807 sanctitate
604 2775 641 2808 et
655 2771 817 2818 justitia.
837 2777 873 2808 et
958 2772 994 2808 4.
1038 2774 1088 2810 De
1137 2773 1401 2810 benedictione
1449 2772 1679 2819 conjugato-

110 2809 158 2845 ad
195 2810 368 2867 salutem·
391 2817 679 2863 assequendam,
717 2829 873 2856 necesse
912 2829 1012 2856 rum.

109 2862 180 2910 est,
196 2861 236 2912 ut
255 2869 288 2895 is
307 2870 370 2906 qui
390 2861 589 2915 Salvatoris
611 2865 722 2903 hodie
742 2871 798 2903 est
817 2867 871 2904 in·
958 2868 994 2903 5.
1019 2867 1071 2903 De
1104 2866 1368 2904 benedictione
1402 2866 1606 2904 viduarum
1644 2871 1682 2904 et

110 2909 272 2960 agnitus
301 2917 472 2954 nomine,
493 2920 564 2948 nos
581 2911 746 2961 benigno
765 2915 870 2952 vultu
910 2914 1125 2951 Seniorum.

109 2957 285 2999 respiciat
316 2965 325 2991 :
359 2955 448 3006 quia
476 2957 558 3004 ejus
586 2966 761 3007 aspectus
789 2972 872 3000 non
955 2962 991 2998 6.
1015 2962 1067 2998 De
1088 2961 1351 2998 benedictione
1369 2962 1627 2999 Sacer-dotum.
