1858 3184
742 174 772 207 ο
798 175 942 207 mvrs
970 175 1113 207 num.
1635 166 1714 208 ¹³¹1

139 258 281 299 vote
307 254 401 296 cote
433 255 606 304 nuvbrt.
656 254 767 296 cette
807 256 932 307 porte
978 256 1169 295 ouverte·
1201 252 1718 304 miserieordieusemenu

141 328 251 364 noue
268 323 492 363 enti-erens
500 319 615 360 dans
642 317 686 359 le
719 318 868 372 gleire,
890 318 995 359 dans
1026 318 1348 372 l’appertement
1365 320 1531 359 resen-ve
1550 323 1592 359 et
1610 318 1717 363 den·

138 380 183 428 ln
202 387 252 428 lit
270 384 435 440 nuptial
452 381 505 426 de
521 377 732 437 l’Epouse‚
754 383 860 424 dans
887 384 927 424 le
959 395 1164 438 royaume
1195 384 1248 424 de
1275 383 1501 429 Peter-nite.
1522 385 1579 423 ou
1609 395 1717 426 nom

140 462 350 506 pou-rmus
368 461 470 491 vous
489 447 608 490 loner
625 449 782 490 durant
799 450 860 489 les
879 449 1022 490 siecles
1039 449 1113 490 des
1132 448 1289 489 siecleS.
1310 450 1370 490 Le
1400 460 1504 488 vous
1533 449 1715 491 consoli-

143 517 266 559 ἀει-οι
284 517 346 559 ios
362 527 550 557 serr-ures
567 515 620 556 de
638 526 713 555 vos
743 517 901 569 portes,
923 514 1006 555 afin
1038 514 1249 567 qu'eucun
1276 514 1448 555 ennemi
1475 513 1547 567 u’y
1577 518 1715 564 entre,

143 582 351 636 qu'aucun
371 580 457 622 ami
477 579 574 621 n’en
593 583 718 632 sorte,
742 592 824 633 que
843 591 948 619 vous
967 592 993 632 y
1012 579 1252 620 demeuriez
1273 579 1596 629 eternellement
1611 590 1718 620 aveo

141 658 249 689 eeux
265 649 292 688 ὲ
305 645 382 700 qui
400 658 503 686 vous
522 657 623 686 avez
643 649 806 694 ouvert‚
825 657 906 699 que
925 657 1029 686 vous
1049 644 1263 685 n'ouvriez
1283 644 1375 697 plus
1397 644 1551 696 jamnis
1569 646 1594 684 ὰ
1608 655 1717 696 ceux

141 713 168 753 ὲ
184 711 260 766 qui
278 722 381 752 vous
411 722 516 751 avez
542 711 692 761 ferme,
713 722 840 764 parce
872 723 955 764 que
987 711 1027 750 la
1058 712 1180 763 porte
1210 721 1304 750 sera
1332 710 1490 751 fermee
1510 721 1611 751 avec
1629 720 1715 751 une

140 777 224 819 olef
238 775 454 827 eternelle,
476 776 518 817 le
537 776 714 817 nombre
735 776 808 816 des
829 775 919 816 elus
937 777 1056 816 etant
1077 775 1275 828 complet.

773 919 863 960 XV·
883 918 1052 968 LEGON
1063 948 1072 958 .

559 1048 626 1089 Du
642 1054 791 1104 sceptre
808 1047 856 1089 de
878 1048 916 1090 la
935 1050 1087 1090 monson
1106 1048 1290 1090 d'Israel.

191 1188 247 1227 Le
263 1187 423 1239 sceptro
441 1187 504 1226 est
523 1185 562 1226 le
580 1185 702 1239 signe
723 1186 774 1226 de
793 1185 1004 1226 l’autorite
1024 1186 1167 1238 royale
1186 1190 1228 1225 et
1247 1185 1285 1225 le
1304 1184 1494 1237 symbole
1514 1184 1571 1224 du
1592 1183 1710 1224 Priu-

136 1251 248 1306 cipet
268 1252 479 1304 supreme.
499 1252 612 1291 Pour
630 1251 829 1302 designer
848 1249 1036 1303 l’empire
1055 1251 1188 1300 divin,
1210 1251 1270 1290 les
1303 1253 1473 1290 auteurs
1504 1250 1642 1289 sacres
1670 1253 1715 1289 et

136 1315 335 1370 profanes
354 1328 398 1356 se
419 1318 587 1356 servent
606 1316 662 1355 du
689 1322 777 1355 mot
797 1315 848 1355 de
868 1319 1044 1368 sceptre.
1067 1317 1143 1355 Les
1173 1327 1294 1367 seges
1326 1307 1533 1367 d'Egypte
1567 1315 1711 1366 repre-

136 1381 346 1423 sentaient
365 1381 568 1421 autrefois
587 1381 693 1421 Dieu
713 1393 808 1420 sous
827 1380 997 1432 l'image
1017 1380 1115 1420 d'un
1136 1385 1296 1432 sceptre
1317 1380 1391 1432 qui
1410 1379 1524 1418 avait
1545 1391 1602 1418 un
1621 1378 1710 1427 oeil,

135 1445 364 1499 designent
381 1458 459 1498 par
478 1445 521 1486 Ιό,
539 1459 584 1486 sa
604 1446 821 1498 puissunee
842 1445 915 1498 qui
936 1457 1150 1497 gouverne
1172 1448 1278 1494 tout,
1295 1450 1335 1484 et
1347 1457 1397 1484 en
1420 1445 1557 1484 meme
1578 1448 1714 1496 temps

137 1522 183 1551 sa
202 1511 450 1564 providence
470 1514 512 1551 et
532 1523 576 1550 sa
608 1511 816 1562 vigilance
849 1510 921 1562 qui
954 1510 1132 1561 regarde
1163 1513 1205 1550 et
1237 1509 1375 1560 dirige
1407 1514 1512 1549 tout.
1544 1499 1654 1548 C³est
1675 1509 1714 1549 le

136 1576 412 1628 temoignage
442 1575 494 1616 de
526 1576 638 1618 saint
670 1575 824 1627 cyrille
846 1574 930 1628 (liv.
953 1574 1020 1615 IX
1034 1580 1168 1614 contre
1186 1573 1353 1625 Julien).
1377 1576 1411 1615 A
1433 1574 1524 1614 cele
1553 1586 1596 1614 se
1614 1585 1712 1627 rap·

138 1643 260 1694 porte
279 1641 390 1680 aussi
410 1640 450 1680 la
471 1640 602 1680 vision
623 1640 674 1680 de
693 1641 888 1690 Jeremie‚
906 1642 960 1679 οὺ
977 1640 1016 1680 la
1035 1640 1254 1692 puissence
1267 1644 1310 1679 et
1331 1640 1371 1680 la
1390 1639 1643 1692 providence
1662 1638 1714 1679 de

135 1705 243 1747 Dieu
264 1705 454 1758 toujours
485 1705 690 1758 vigilante
722 1718 829 1758 pour
861 1705 988 1757 punir
1020 1705 1079 1745 les
1110 1705 1323 1746 criminels
1354 1711 1417 1745 est
1445 1706 1715 1757 representee

137 1782 215 1824 par
251 1782 335 1811 une
372 1784 391 1808 «
421 1783 551 1823 verge
589 1771 662 1824 qui
700 1771 839 1819 veille,
865 1787 884 1807 x>
905 1784 976 1818 ou,
1011 1782 1173 1810 comme
1211 1771 1349 1810 disent
1387 1770 1711 1823 quelques-uns,

140 1851 162 1872 «ι
181 1845 266 1876 une
296 1847 423 1888 verge
454 1836 528 1888 qui
547 1848 572 1876 a
593 1849 648 1875 un
680 1836 766 1885 oeil,
788 1850 808 1873 n
833 1836 905 1889 qui
937 1848 963 1875 a
991 1835 1063 1876 des
1091 1847 1204 1888 yeux
1235 1839 1403 1875 ouverts
1429 1838 1471 1875 et
1508 1834 1716 1886 vigilante

138 1911 247 1952 pour
264 1900 485 1941 surveiller
517 1901 575 1940 les
605 1901 756 1941 crimes
787 1905 830 1941 et
862 1901 920 1940 les
950 1901 1079 1953 punir
1098 1913 1197 1941 avec
1217 1914 1274 1940 un
1295 1901 1387 1940 soiu
1418 1902 1575 1940 severe.
1598 1901 1714 1940 Cette

137 2082 205 2119 per
236 2072 374 2109 ostium
412 2072 526 2109 latum
567 2072 708 2116 lateris,
747 2083 814 2120 per
847 2073 908 2119 ja·
949 2073 1081 2118 riualis,
1102 2077 1137 2109 et
1158 2073 1325 2119 supremi
1352 2072 1589 2118 Principatus
1608 2081 1714 2117 sym-

139 2129 256 2156 nuam
276 2119 381 2155 illam
402 2125 570 2166 apertam
592 2121 740 2167 picta-nis
762 2131 770 2157 2
794 2120 908 2157 intro·

948 2120 1094 2156 bolum.
1116 2120 1336 2164 Quinimmo
1355 2121 1400 2156 ad
1415 2121 1589 2156 «livinum
1602 2119 1715 2156 etiam

138 2176 270 2204 eamus
287 2167 335 2203 ad
354 2167 528 2213 gloriam,
543 2172 579 2204 et
597 2168 643 2204 ad
664 2168 845 2205 conclave
864 2179 908 2204 ac
948 2168 1150 2214 imperium
1171 2168 1450 2214 designandum
1472 2167 1610 2213 sceptri
1643 2176 1714 2203 no-

139 2214 276 2261 Sponsi
297 2214 521 2262 thalamum,
537 2216 583 2252 ad
604 2217 825 2252 aeternitatis
846 2226 907 2252 re-

139 2271 274 2308 guum,
296 2261 360 2298 ubi
393 2267 427 2300 te
459 2263 612 2300 laudare
644 2264 836 2300 valcamus
867 2264 906 2300 in

136 2309 279 2347 saecula
306 2310 545 2347 saeculorum.
581 2310 637 2346 lbi
677 2311 908 2348 confortabis

139 2366 243 2395 seras
275 2362 467 2404 portarum
502 2363 666 2403 tuarum,
711 2364 751 2395 ut
794 2369 907 2396 nemo

138 2403 372 2451 ingrediatur
393 2405 588 2451 inimicus,
611 2416 723 2443 nomo
743 2407 908 2452 egredia-

140 2455 201 2488 tur
226 2453 410 2496 .amicus;
434 2454 490 2489 *ut
535 2463 623 2490 cum
662 2453 738 2490 illis
770 2454 907 2500 quibus

137 2500 334 2546 aperuisti,
354 2505 540 2538 arternum
561 2512 738 2545 maneas3
760 2507 799 2538 ut
819 2502 905 2548 qui·

140 2545 212 2600 hus
229 2547 414 2590 clausisti,
431 2550 511 2594 jam
529 2549 695 2595 amplius
717 2560 794 2586 nou
814 2561 906 2596 ape-

140 2603 230 2647 ζωε,
255 2596 345 2642 quia
375 2596 480 2633 clave
504 2601 645 2633 aeterna
675 2597 805 2633 clausa
836 2597 906 2634 erit

136 2650 269 2688 mue,
305 2642 513 2681 electorum
556 2646 707 2681 tuorum
746 2655 907 2682 numero

139 2687 360 2736 adimpleto.

389 2783 558 2822 LECTIO
583 2786 658 2824 XV.

250 2879 307 2914 De
323 2882 476 2927 sceptro
492 2880 635 2918 domus
652 2880 797 2919 lsrael.

187 2971 365 3018 Saeptum
384 2971 536 3020 signum
554 2979 612 3014 est
628 2976 755 3024 Regiae
772 2979 906 3014 aueto-

950 2216 1052 2251 mine
1079 2216 1176 2251 sacri
1208 2221 1243 2251 et
1276 2216 1425 2262 profani
1448 2218 1603 2250 utuntur
1621 2223 1715 2250 auc-

947 2268 1058 2299 tores.
1083 2264 1178 2299 lliuc
1201 2263 1362 2309 “Egyptii
1394 2262 1590 2309 Sapientes
1621 2261 1715 2298 olim

946 2311 1152 2357 depinxerc
1171 2311 1287 2347 Deum
1304 2315 1493 2356 tamquam
1507 2313 1725 2356 sceptrum..

946 2359 1006 2395 cui
1053 2358 1186 2395 oculus
1232 2358 1444 2404 insculptus
1482 2362 1580 2399 οπως
1619 2355 1714 2393 desi-

945 2411 1105 2450 gnantes
1137 2417 1202 2452 per
1228 2407 1266 2443 id
1298 2406 1379 2452 ejus
1401 2405 1608 2452 potentiam
1628 2413 1714 2440 om-

948 2455 1010 2489 nia
1031 2459 1239 2499 regentem,
1259 2453 1448 2498 simulque
1480 2452 1561 2498 cJus
1593 2451 1722 2499 provi-⁴

944 2502 1112 2538 dentiam
1169 2511 1213 2538 ac
1268 2500 1520 2547 vigilantiam.
1583 2499 1715 2536 omnia

944 2549 1331 2595 circumspicientem,
1361 2553 1396 2583 et
1436 2547 1711 2583 moderantem.

944 2596 1066 2633 Testis
1086 2601 1141 2633 est
1162 2597 1275 2641 hujus
1309 2596 1361 2632 rei
1391 2596 1426 2630 S.
1448 2594 1623 2640 cyrillus.
1645 2594 1712 2632 cui

945 2649 1127 2681 consonat
1149 2644 1242 2680 visio
1261 2643 1449 2686 jeremiae,
1469 2641 1534 2679 ubi
1557 2641 1621 2678 Dei
1642 2652 1712 2688 po-

946 2692 1062 2728 tentia
1090 2696 1126 2728 et
1159 2691 1394 2738 providentia
1429 2700 1578 2736 semper
1616 2689 1712 2736 vigi-

946 2739 1044 2783 lans,
1079 2743 1118 2775 ut
1151 2739 1287 2785 plectat
1321 2737 1538 2782 sceleratos,
1577 2747 1710 2783 reprae·

946 2790 1113 2823 sentatur
1145 2786 1180 2822 ei
1214 2796 1280 2832 per
1313 2800 1327 2817 α
1363 2785 1512 2831 virgam
1544 2783 1711 2830 vigilan-

945 2839 1036 2877 tem,
1072 2849 1086 2865 »
1118 2833 1189 2870 hoc
1221 2837 1291 2875 est,
1326 2837 1367 2868 ut
1396 2832 1515 2879 aliqui
1546 2835 1712 2874 vertunt,

949 2896 963 2914 ι
993 2881 1204 2924 oculatam,
1230 2894 1243 2911 υ
1268 2879 1346 2916 sive
1363 2881 1496 2917 oculos
1514 2883 1663 2925 apertos
1675 2883 1714 2915 et

945 2928 1078 2975 vigiles
1104 2927 1322 2972 habentem,
1354 2931 1394 2964 ut
1419 2927 1559 2974 flagitia
1585 2925 1711 2972 pervi-

944 2976 1044 3020 deat,
1058 2978 1094 3011 et
1115 2973 1217 3021 vigili
1236 2984 1327 3013 cura
1339 2974 1380 3012 in
1394 2972 1461 3011 illa
1477 2973 1714 3011 animadver-
