1858 3184
155 229 366 273 Peternite
386 244 398 272 ι
415 231 540 272 Jssns
567 241 621 271 nn
648 231 890 272 Nune-ru.
921 232 1092 273 Comme
1110 230 1139 271 il
1159 234 1324 272 reserve
1356 233 1461 273 dans
1493 245 1558 274 ses
1587 235 1724 276 mains

156 299 200 338 et
214 307 280 337 ses
298 295 418 349 pieds
434 296 496 336 les
511 295 724 336 cicatrices
742 295 846 336 dans
865 296 905 336 le
923 296 1025 346 ciel;
1053 296 1160 336 ainsi
1179 296 1231 336 ils
1250 301 1430 350 pensent
1461 298 1563 351 qu'il
1595 299 1726 352 garde

155 373 203 404 ce
220 373 320 403 nom
338 361 483 402 inserit
501 373 572 402 sur
590 372 666 400 son
684 360 799 401 frent
818 373 872 402 en
891 361 1080 413 symbolo
1099 361 1291 402 d'amour
1310 374 1418 413 pour
1442 363 1502 403 les
1526 364 1630 413 elus,
1665 377 1726 406 un

153 426 344 479 symbolo
362 427 414 467 de
431 425 653 466 confusion
684 438 792 478 pour
811 425 869 466 les
895 429 1137 480 reprouves.
1169 426 1203 467 ll
1233 432 1413 480 apparut
1431 440 1490 467 un
1505 428 1606 480 jour
1624 441 1725 472 avec

154 503 201 533 ce
218 491 407 545 symbolo
425 504 479 532 au
497 490 787 532 bienheureux
804 492 1001 544 Egmond
1021 504 1170 533 encore
1195 492 1343 532 enfant
1360 495 1403 532 et
1421 491 1482 532 lui
1502 492 1562 533 dit
1584 506 1595 533 :
1628 508 1649 533 α
1668 495 1725 541 Ge

151 569 253 598 nom
272 569 360 598 sera
382 559 499 597 votre
517 555 726 607 honneur,
748 559 791 596 et
809 562 928 597 votre
947 557 1167 597 memorial
1186 557 1291 598 dans
1310 557 1531 597 l'eternite.
1555 573 1576 594 »
1599 559 1666 599 On
1683 559 1724 600 le

151 621 202 664 lit
220 622 325 662 dans
343 633 390 662 sa
409 620 474 661 vie
494 621 622 664 ecrite
641 633 718 674 par
738 622 900 663 Surius.

204 686 463 739 Expliquons
481 686 747 728 mainteuaut
777 687 986 739 pourquoi
1017 699 1062 728 ce
1094 699 1195 728 nom
1214 691 1276 728 est
1295 686 1446 740 appele
1469 686 1720 730 Adraa-able.

151 753 263 792 Pour
281 751 319 792 le
339 752 627 803 comprendre,
650 752 677 791 il
700 752 894 792 convient
913 753 964 793 de
984 764 1026 792 se
1045 753 1238 805 rappeler
1258 765 1354 805 que,
1372 753 1509 804 parmi
1528 752 1590 792 les
1602 765 1723 794 nome

150 815 202 857 de
232 815 407 856 l'enfant
426 816 498 869 qui
518 829 624 856 nous
644 819 779 857 estne
800 820 842 857 et
863 818 936 870 qui
956 830 1062 858 nous
1098 830 1123 857 a
1153 819 1219 858 ete
1252 818 1405 866 donne,
1438 817 1469 857 il
1500 829 1529 870 y
1559 829 1585 858 a
1615 818 1724 858 celui

150 880 420 923 d'Admzrable
440 893 453 920 .·
479 896 497 919 α
520 882 604 922 Son
626 894 740 932 nom,
765 882 895 933 dit-il,
917 895 1009 923 sere
1039 883 1148 923 celui
1179 882 1467 923 d’admirable.
1491 882 1562 935 (Is.
1591 882 1664 936 xx,)
1698 898 1718 923 »

148 947 466 988 Effectivement
485 958 646 987 comme
666 947 704 987 le
724 947 861 988 Christ
880 960 905 987 a
926 950 991 988 ele
1014 948 1117 988 Dieu
1138 951 1178 988 et
1197 948 1382 996 homme,
1396 947 1568 988 humble
1587 952 1631 988 et
1649 961 1720 988 su-

147 1010 293 1061 blime,
326 1011 431 1064 petit
461 1015 503 1053 et
535 1011 753 1062 immense,
787 1013 938 1053 mortel
975 1016 1019 1053 et
1049 1013 1276 1063 immortel,
1312 1016 1449 1053 tontes
1479 1025 1546 1053 ces
1577 1013 1722 1055 choses

147 1075 311 1117 inou'ies
338 1076 593 1129 jusqu'alors
634 1081 729 1117 sont
759 1079 984 1131 comprises
1013 1078 1119 1118 dans
1150 1091 1197 1118 ce
1238 1090 1353 1118 nom.
1386 1079 1510 1118 Aussi
1549 1078 1719 1130 l'Ange,

146 1141 285 1194 figure
304 1141 415 1182 dele
433 1153 641 1194 personne
660 1143 717 1182 du
737 1142 888 1193 Christ,
912 1143 1053 1196 quand
1086 1143 1117 1183 il
1147 1147 1329 1196 apparut
1348 1146 1373 1182 ὲ,
1393 1144 1547 1183 Manae
1567 1144 1639 1196 qui
1661 1144 1721 1184 lui
1756 1163 1762 1173 ·

147 1206 390 1247 demandeit
408 1219 485 1247 son
504 1219 620 1258 nom,
642 1208 703 1248 lui
722 1208 918 1260 repondit
940 1222 948 1248 :
976 1224 995 1245 «
1019 1208 1231 1261 Pourquoi
1250 1208 1600 1248 demandez-vous
1619 1220 1721 1250 mou

145 1284 262 1320 nom,
285 1271 357 1324 qui
376 1275 439 1312 est
452 1272 724 1313 Admirable‘?
739 1271 847 1326 (luy.
871 1273 1048 1326 x111‚¹8.)
1065 1287 1085 1311 ι)
1104 1274 1197 1323 Oui,
1215 1273 1266 1313 de
1281 1274 1417 1313 meme
1432 1285 1514 1326 que
1529 1274 1567 1314 le
1580 1274 1722 1315 Christ

145 1354 171 1384 a
199 1346 264 1383 ete
289 1343 521 1384 admirable
542 1355 594 1384 en
614 1347 751 1384 toutes
770 1344 931 1396 choses,
953 1345 1058 1384 dens
1077 1356 1122 1384 se
1142 1344 1387 1396 conception
1409 1356 1463 1384 au
1484 1344 1572 1384 sein
1594 1344 1721 1387 d'une

143 1409 304 1460 vierge,
327 1409 432 1448 dans
453 1421 497 1448 sa
516 1409 728 1449 naissunce
748 1410 822 1459 qui
842 1410 907 1449 fut
927 1422 1023 1450 sans
1043 1409 1219 1450 douleur
1247 1421 1354 1461 pour
1386 1421 1431 1448 sa
1463 1411 1593 1458 mere,
1615 1409 1720 1451 dans

144 1484 191 1513 aa
209 1473 275 1513 vie
294 1477 488 1526 exempte
507 1474 557 1514 de
577 1475 722 1526 peche,
744 1475 849 1514 dans
865 1487 929 1514 ses
949 1475 1155 1522 miracles,
1172 1475 1276 1514 dans
1290 1487 1335 1514 sa
1349 1474 1715 1527 transfiguration,

145 1537 250 1578 dans
269 1551 314 1578 sa
333 1539 519 1589 Pession,
543 1539 646 1579 dans
665 1551 710 1579 sa
731 1540 1040 1589 Resurrection,
1069 1539 1173 1579 dans
1205 1551 1279 1578 son
1311 1539 1560 1588 Ascension3
1594 1540 1716 1592 ainsi,

143 1614 239 1643 sans
258 1603 333 1643 nul
353 1603 495 1654 doute,
518 1604 550 1643 il
569 1603 632 1643 {ut
653 1604 885 1644 admirable
917 1605 1020 1644 dans
1052 1605 1090 1644 le
1122 1616 1221 1643 nom
1253 1616 1335 1656 que
1367 1604 1425 1643 lui
1459 1604 1624 1657 imposa
1640 1617 1719 1647 son

142 1668 261 1717 Pete,
283 1679 383 1708 nom
404 1680 480 1720 par
499 1668 541 1708 le
561 1672 679 1709 vertu
699 1669 854 1722 duquel
875 1672 968 1710 tant
986 1669 1037 1709 de
1057 1669 1293 1709 merveilles
1312 1670 1508 1709 devaient
1538 1670 1627 1710 etre
1647 1681 1718 1710 ec-

141 1732 354 1786 complieS‚
377 1746 454 1785 par
474 1733 534 1773 lui
552 1735 595 1773 et
612 1746 690 1786 par
707 1746 772 1774 ses
790 1735 956 1787 apdtres
975 1747 1030 1774 ou
1050 1734 1162 1775 leurs
1190 1746 1462 1784 successeurs,
1479 1734 1650 1787 jusqu'd
1674 1735 1716 1776 lu

140 1796 199 1837 fin
219 1798 277 1837 du
296 1798 466 1838 monde.

194 1863 254 1902 De
274 1862 381 1913 plus,
405 1875 480 1902 son
501 1874 601 1903 nom
620 1866 683 1903 est
702 1863 950 1913 admirable,
974 1863 1173 1917 puisqu'il
1192 1867 1255 1904 est
1282 1863 1505 1904 au-dessus
1538 1864 1589 1903 de
1621 1866 1716 1905 tout

593 140 697 185 m!
724 152 781 183 nu
805 151 929 184 snm
954 152 1041 184 uon
1067 153 1119 183 nn
1150 144 1282 184 iesus.

140 2009 218 2094 gasse
237 2010 319 2056 ejus
337 2010 562 2056 inscriptum
581 2011 660 2047 fore
680 2011 721 2048 in
751 2011 812 2048 die
839 2011 903 2058 J'u—

170 2057 231 2094 'cii
250 2062 285 2093 et
314 2062 388 2094 tota
407 2059 639 2095 aeternitate:
660 2060 768 2095 Jesus
791 2059 902 2096 Naza-

139 2114 267 2142 renuS.
291 2105 395 2142 Sicut
433 2106 536 2143 euim
574 2107 615 2142 in
653 2106 830 2143 manibus
867 2111 903 2144 et

138 2152 300 2200 pedibus
319 2159 482 2190 reservat
501 2154 695 2191 cicatrices
723 2155 761 2190 in
790 2155 900 2198 coelo,

139 2199 196 2237 sic
214 2204 349 2246 putant
367 2206 403 2238 el
423 2201 463 2237 in
480 2202 602 2238 fronte
634 2212 775 2239 nomen
803 2202 902 2238 istud

139 2246 365 2295 inscriptum
402 2249 563 2286 relinere
600 2249 642 2286 in
686 2250 901 2295 symbolum

138 2295 279 2332 amoris
314 2306 381 2342 pro
419 2296 563 2342 electis,
600 2298 640 2333 in
686 2297 901 2343 symbolum

139 2342 375 2380 confusionis
405 2354 472 2390 pro
506 2344 687 2391 reprobis.
710 2346 804 2381 Cum
833 2345 901 2382 boc

224 2389 311 2427 bolo
348 2392 521 2438 apparuit
557 2393 747 2438 quondam
792 2393 901 2429 Beato

139 2399 337 2484 ffiundo
355 2439 479 2475 adhuc
500 2449 630 2486 puero,
652 2445 687 2476 et
717 2440 811 2476 dixit
840 2440 897 2476 ei:

143 2498 160 2516 ι
183 2484 260 2520 Hoc
280 2495 419 2532 nomen
438 2487 508 2523 erit
535 2487 650 2523 decus
684 2493 719 2524 et
751 2498 899 2524 memo-

140 2531 235 2584 riale
252 2534 360 2568 tuum
390 2533 430 2570 in
459 2539 658 2571 aeternum.
685 2550 697 2566 n
722 2535 784 2572 Sic
804 2535 900 2582 legi-

143 2582 202 2615 tur
220 2588 261 2615 111
281 2579 362 2624 ejus
379 2580 455 2618 vita
471 2582 570 2628 apud
590 2583 754 2619 Surium.

190 2625 431 2663 Declaremus
473 2638 576 2666 nunc
622 2630 793 2668 ulterius,
833 2640 900 2666 cur

139 2682 281 2710 nomen
302 2673 401 2710 istud
425 2674 572 2713 dicatur
595 2692 608 2709 u
631 2677 895 2714 Admirabile.»

138 2719 196 2756 Ad
213 2721 253 2757 id
273 2721 562 2767 intelligendum
580 2725 801 2762 meminisse
829 2725 898 2762 de·

140 2772 201 2804 cet
218 2768 316 2805 inter
334 2773 470 2806 caelera
488 2772 593 2816 pueri
619 2773 696 2809 nati
729 2777 764 2809 et
790 2772 900 2809 nobis

140 2814 218 2851 dati
238 2816 395 2852 nomina
419 2816 515 2853 illud
545 2821 747 2866 recenseri,
769 2821 898 2856 Admi-

139 2861 272 2900 rabilis
293 2873 301 2899 :
327 2878 340 2895 α
364 2863 578 2910 Vocabitur,
598 2881 614 2902 ι
638 2866 776 2914 inquit,
796 2881 811 2899 κ
833 2878 901 2904 no-

139 2919 230 2946 men
250 2910 330 2956 ejus
348 2911 603 2951 Admirabilis.
619 2929 634 2948 ι
652 2915 798 2962 Nempe
811 2926 900 2952 cum

139 2956 311 2995 Christus
329 2958 441 2996 suerit
461 2959 560 2997 Deus
584 2965 620 2998 et
651 2962 780 3009 homo,
801 2963 901 3011 quod

941 2016 1052 2048 antea
1071 2011 1141 2048 fuit
1163 2012 1391 2055 inauditum,
1415 2012 1571 2048 humilis
1592 2017 1628 2048 et
1648 2022 1712 2050 su·

944 2059 1084 2105 mimis,
1106 2060 1283 2106 parvulus
1303 2064 1338 2095 el.
1366 2060 1591 2103 imincnsuS,
1613 2070 1709 2097 mor-

943 2107 1027 2143 lalis
1058 2111 1095 2142 et
1133 2107 1376 2150 immortalis,
1398 2107 1528 2143 omnia
1567 2108 1638 2143 ista
1670 2107 1711 2145 in

943 2155 1014 2191 hoc
1030 2154 1185 2191 nomine
1199 2154 1590 2201 comprehenduntur.
1605 2154 1710 2192 Unde

941 2206 976 2238 el
996 2202 1158 2248 Angelus
1180 2201 1316 2238 Christi
1338 2212 1539 2248 personam
1567 2212 1710 2255 reprae-

941 2254 1095 2285 sentans
1114 2250 1205 2286 dum
1225 2250 1399 2296 apparuit
1419 2250 1557 2286 Manue
1576 2249 1707 2296 inqui-

942 2298 1038 2333 renti
1058 2308 1199 2334 nomen
1220 2298 1315 2343 ejus,
1333 2297 1526 2343 respondit
1544 2307 1553 2333 2
1575 2310 1589 2328 α
1607 2297 1708 2341 Quid

939 2344 1075 2391 quaeris
1097 2356 1235 2381 nomen
1257 2355 1399 2388 meum,
1421 2345 1520 2391 quod
1552 2348 1607 2380 est
1639 2345 1708 2381 Ad-

941 2392 1143 2429 mirabile?
1166 2407 1179 2423 »
1207 2393 1354 2439 Utique.
1375 2393 1471 2428 sieut
1500 2391 1708 2429 admirabi-

941 2440 986 2476 lis
1006 2440 1075 2476 fuit
1095 2440 1264 2476 Christus
1284 2440 1324 2476 in
1345 2439 1537 2482 omnibus,
1553 2440 1592 2476 in
1613 2439 1706 2477 Con-

938 2488 1112 2534 ceplione
1149 2488 1195 2524 de
1233 2488 1392 2534 virgine,
1427 2487 1467 2523 in
1507 2486 1708 2525 Nativitate

938 2536 1020 2572 sine
1040 2535 1171 2571 matris
1190 2535 1334 2578 dolore,
1355 2535 1396 2570 in
1418 2535 1492 2570 vita
1519 2534 1601 2570 sine
1622 2544 1706 2581 pec-

938 2587 1035 2627 cato,
1056 2584 1098 2619 in
1130 2582 1341 2626 miraculis,
1367 2582 1406 2617 in
1440 2580 1705 2628 Transfigura-

940 2631 1054 2675 lione,
1086 2631 1125 2666 in
1167 2630 1355 2674 Pzissione,
1399 2629 1705 2677 Resurrectione,

939 2678 1167 2714 Ascensione
1185 2694 1193 2720 ;
1216 2678 1265 2713 ita
1285 2677 1427 2722 absque
1447 2676 1564 2713 dubio
1585 2677 1706 2714 admi-

939 2725 1068 2762 rabilis
1088 2726 1157 2761 suit
1177 2726 1217 2760 in
1238 2724 1395 2761 nomine
1415 2723 1487 2760 sibi
1521 2724 1704 2770 imposito

937 2785 960 2808 a
980 2773 1100 2816 Pali-e,
1121 2772 1228 2817 cujus
1248 2772 1383 2808 virtute
1404 2776 1479 2807 tam
1515 2771 1705 2810 mirabilia

938 2819 1125 2856 debebam
1144 2819 1296 2866 patrari,
1317 2829 1405 2855 cum
1426 2819 1472 2855 ab
1503 2819 1601 2865 ipso,
1623 2824 1706 2858 tum

938 2868 985 2903 ab
1004 2867 1190 2914 Apostolis
1210 2871 1246 2903 et
1266 2866 1546 2903 successoribus
1571 2877 1704 2905 eorum

939 2916 980 2950 ln
1001 2914 1116 2950 finem
1149 2924 1267 2960 usque
1294 2914 1438 2950 saeculi.
1464 2914 1605 2950 Deinde
1630 2914 1703 2952 ad-

939 2961 1112 2999 mirabile
1144 2966 1200 2998 est
1231 2971 1374 2998 nomen
1404 2962 1499 3008 ejus,
1521 2962 1620 3009 quod
1647 2966 1706 3001 eu
