1858 3184
98 252 216 297 «μοι,
237 241 426 295 asin-que
442 243 564 287 notre
588 239 869 296 inflelligenee
901 240 1052 282 s'eleve
1084 242 1110 283 ὲ
1137 252 1185 281 aa
1212 239 1579 292 comprehensim,
1611 251 1671 283 οι

99 297 294 351 montem
312 307 386 348 dee
400 306 544 349 choses
560 305 786 347 humaines
805 317 891 347 aux
909 305 1086 347 divines.

153 375 193 415 ΙΡ
211 370 482 425 Quelquesois
499 382 554 410 on
573 370 635 411 dit
654 369 758 423 qu'il
777 382 803 411 a
821 372 887 411 ete
920 370 1139 422 engeudre
1156 369 1214 411 du
1235 369 1326 411 sein
1347 369 1403 409 du
1435 371 1554 412 Pete.
1582 384 1603 410 ι
1619 372 1673 415 J·

97 451 200 480 vous
217 438 260 479 ai
277 435 491 489 ongcndre
511 438 638 476 avant
658 435 838 485 Lucifer,
862 449 882 474 υ
901 435 967 475 dit
1001 435 1039 477 le
1072 436 1177 477 Pero
1209 433 1389 476 eternel.
1410 435 1462 475 Et
1495 435 1602 475 volci
1633 436 1670 477 le

97 515 194 545 sens
209 503 262 546 do
280 513 346 544 ees
364 500 529 554 parolee
551 513 561 541 :
582 501 632 542 Je
651 513 755 542 vous
775 501 815 540 ai
834 500 1067 553 eugendi-e,
1090 511 1175 540 nou
1194 500 1312 552 point
1338 511 1390 540 en
1421 511 1523 541 vous
1543 501 1673 543 tir-eut

98 568 156 609 du
175 570 303 610 neunt
319 577 482 607 comme
498 566 561 608 ‘les
578 569 722 606 autres
741 568 964 614 creatura,
1005 565 1111 605 mais
1142 565 1240 606 bien
1275 564 1327 605 de
1359 577 1427 607 ma
1450 564 1673 608 substance

100 631 288 682 seconde,
311 642 473 671 comme
495 643 551 671 un
569 630 636 671 fils
655 631 905 672 connaturel
925 634 966 671 et
986 629 1332 678 consubstantiel,
1353 633 1482 669 avant
1512 630 1549 671 le
1574 642 1671 683 pm-

97 697 204 741 mier
224 698 361 748 Ange,
384 700 514 738 avant
539 699 676 737 toutes
705 695 766 737 les
797 695 961 746 ciuiles,
997 698 1126 736 avant
1157 697 1276 735 toute
1307 696 1511 743 creature,
1549 698 1675 739 nont

98 767 192 805 teus
210 762 269 802 les
288 761 445 803 siecle&
467 763 526 803 Le
544 761 762 803 substance
795 761 970 802 reconde
1003 761 1059 801 du
1090 761 1191 813 pere
1221 763 1284 801 est
1316 772 1479 800 comme
1501 773 1560 800 un
1579 760 1674 803 sein

98 826 301 869 natm-nel
321 827 392 879 qui
411 827 628 879 engendre
646 829 689 867 et
710 826 876 878 conenit
905 826 958 868 do
989 829 1108 867 toute
1140 820 1321 866 eternit'e
1353 837 1427 865 sou
1447 825 1513 866 fils
1538 838 1547 865 :
1571 826 1677 869 dan·

97 895 206 934 cotto
227 891 473 944 generation
505 894 547 932 et
579 892 839 944 conception,
863 891 975 933 celui
995 891 1070 944 qui
1088 890 1306 942 engendre
1339 894 1383 931 et
1412 890 1578 941 concoit
1597 890 1676 933 fait

97 957 250 1000 l'office
269 956 321 997 de
341 958 444 1000 Pete
463 960 505 998 et
523 957 575 999 de
595 957 721 998 Mer-e.
745 957 776 998 Il
800 956 1065 1008 n'engendse
1092 968 1168 1008 pas
1200 955 1452 1004 nu-dehors,
1474 956 1581 996 mais
1599 967 1676 996 au·-

98 1022 269 1071 dedans‚
287 1025 335 1064 aet
353 1022 460 1066 celui
481 1022 583 1075 qu'il
601 1022 831 1074 engeudre,
855 1021 884 1062 il
904 1021 942 1061 le
965 1026 1084 1073 porte
1103 1021 1210 1061 dans
1244 1033 1319 1061 son
1352 1021 1441 1061 sein
1469 1020 1676 1063 maternal

98 1099 260 1131 comme
280 1098 363 1129 une
383 1089 513 1129 mere.

151 1155 194 1195 2⁰
215 1151 409 1193 D'autres
428 1152 523 1202 fois,
534 1164 589 1192 on
608 1152 672 1192 dit
689 1164 771 1205 que
791 1152 830 1192 le
851 1151 935 1193 Fils
955 1151 1134 1204 procede
1155 1152 1210 1191 du
1232 1150 1321 1191 sein
1342 1151 1393 1190 de
1413 1163 1489 1191 son
1510 1152 1614 1191 Pere
1634 1154 1677 1192 et

98 1230 126 1270 y
144 1217 363 1258 domeure.
397 1217 516 1259 Ainsi
545 1217 768 1270 s'exprime
800 1217 909 1257 saint
939 1218 1044 1257 Jean
1069 1229 1078 1257 ε
1103 1231 1122 1252 ι
1147 1215 1228 1256 Nul
1247 1216 1419 1256 homme
1438 1215 1507 1256 n’a
1521 1215 1676 1267 jemai!

99 1294 155 1327 vn
173 1282 278 1326 Dieu
299 1295 309 1322 ι
330 1282 369 1322 le
390 1282 474 1323 Fils
492 1282 665 1334 unique,
703 1282 775 1334 qui
806 1286 869 1322 est
900 1282 1006 1321 dans
1035 1281 1073 1321 le
1105 1281 1195 1321 sein
1228 1280 1284 1320 du
1318 1282 1436 1330 Pete,
1458 1280 1558 1320 c'est
1586 1280 1674 1320 lui-

712 141 768 195 ’1ο
785 161 1028 197 surm.

99 1347 237 1388 meme
256 1346 329 1400 qui
346 1347 401 1387 l'a
425 1347 503 1388 fait
521 1348 752 1389 connaitre.
785 1346 918 1399 (Jean.
940 1359 969 1397 1,
993 1347 1078 1399 ¹8.)
1097 1359 1117 1383 n
1155 1345 1463 1396 L'evangeliste
1500 1345 1675 1397 appelle

98 1412 228 1454 sianum
253 1411 390 1456 Patris
410 1424 455 1452 ce
478 1424 559 1465 que
578 1412 616 1452 le
637 1412 846 1465 Propheta
867 1411 979 1452 avait
999 1411 1147 1464 appele
1181 1410 1365 1451 (lterum.
1389 1410 1500 1451 C'est
1536 1409 1577 1449 la
1608 1422 1675 1450 re·

101 1488 275 1530 maeque
296 1477 348 1517 de
366 1477 476 1518 saint
497 1476 802 1528 Augustin.(ln
822 1475 1043 1528 Ps.c1x.)11
1064 1474 1244 1530 procede
1264 1475 1373 1516 donc
1392 1475 1444 1514 de
1466 1486 1512 1515 ce
1527 1474 1615 1514 sein
1635 1477 1679 1515 et

101 1541 130 1580 il
148 1553 177 1594 y
194 1541 390 1589 coexiste‚
425 1540 637 1581 coeternel
659 1553 710 1579 au
733 1541 852 1590 Fere,
874 1540 989 1580 cheri
1010 1545 1052 1579 et
1072 1540 1222 1580 intime
1254 1539 1308 1579 du
1341 1541 1455 1592 pere,
1479 1541 1677 1592 reposant

102 1605 423 1650 eternellemeut
441 1605 546 1646 dans
564 1618 611 1647 ce
631 1606 724 1648 sein
747 1606 888 1655 cache,
911 1605 1125 1646 confident
1144 1605 1194 1646 de
1217 1608 1312 1646 tous
1331 1606 1390 1647 les
1410 1608 1561 1644 secr-ets
1575 1603 1678 1658 qu'il

101 1682 206 1716 nous
221 1682 250 1712 a
267 1672 476 1712 recentes.
723 1671 736 1682 ⁶

154 1738 197 1778 3⁰
218 1735 381 1777 Parfois
402 1749 456 1776 on
478 1736 540 1778 dit
562 1736 665 1789 qu’il
697 1736 874 1789 procede
895 1736 952 1778 du
980 1748 1097 1777 coenr
1115 1736 1171 1776 du
1192 1737 1310 1776 Pere.
1334 1735 1366 1775 ll
1385 1739 1446 1775 est
1465 1735 1675 1776 effective-

101 1803 217 1845 ment
237 1801 275 1842 le
295 1800 361 1842 fils
380 1801 431 1841 de
450 1814 525 1842 son
559 1813 691 1850 emur,
724 1802 990 1843 intimement
1020 1801 1132 1841 aime
1166 1801 1222 1841 du
1258 1802 1363 1841 Pere
1396 1800 1496 1840 d'un
1529 1812 1679 1843 amour

52 1963 58 1969 '
102 1959 225 1996 modis
253 1960 521 2007 metaphoricis
554 1961 807 2008 exprimatur;
829 1965 867 1997 ut

101 2007 147 2053 ad
172 2018 255 2044 eam
287 2009 578 2056 concipiendam
609 2009 657 2045 ab
692 2009 869 2045 humanis

100 2052 147 2091 ad
167 2053 293 2092 divina
308 2061 435 2092 noster
448 2060 617 2103 assurgat
638 2056 865 2097 intellectus.

100 2102 135 2138 4.
153 2102 362 2157 Aliquando
382 2103 520 2141 dicitur
549 2115 593 2142 ex
624 2109 729 2141 utero
751 2104 868 2141 Patris

128 2154 267 2195 emtus,
307 2161 383 2187 eive
420 2161 464 2189 ex
504 2152 613 2189 vulva
646 2156 682 2188 et
713 2152 868 2189 matrice

130 2196 233 2244 quie,
262 2202 301 2237 ut
336 2198 500 2236 llaebraea
532 2199 749 2246 loquuntur.
776 2214 789 2232 ι
815 2200 867 2236 Ex

104 2248 207 2290 utero
221 2249 308 2282 ante
331 2245 542 2284 Luciferum
563 2248 678 2293 genui
699 2252 749 2291 te,
774 2264 786 2280 ›-
813 2247 868 2285 in·

909 1966 962 1997 rat
982 1966 1087 1998 utero
1107 1966 1248 1998 aeterno
1281 1962 1399 1997 instar
1432 1960 1559 1997 Matris
1586 1970 1676 2007 por-

908 2013 972 2045 tat.
995 2010 1029 2045 2.
1054 2009 1286 2057 Quandoque
1306 2009 1419 2044 etiam
1440 2009 1579 2044 dicitur
1592 2018 1676 2062 pro-

908 2056 1039 2093 cedere
1072 2068 1091 2092 e
1124 2057 1209 2093 sinu
1242 2056 1360 2093 Patris
1394 2056 1509 2101 tilius,
1544 2055 1677 2101 illique

908 2105 1044 2140 inesse.
1067 2104 1127 2140 Sic
1152 2105 1204 2140 ait
1224 2104 1259 2141 S.
1293 2105 1460 2140 loannes
1483 2114 1490 2139 :
1518 2117 1530 2133 u
1558 2103 1679 2140 Deum

909 2162 1020 2189 nemo
1043 2152 1133 2189 vidit
1153 2162 1350 2198 umquam,
1367 2150 1591 2196 Unigenitus
1611 2149 1677 2196 qui

907 2204 963 2235 est
983 2199 1022 2236 in
1044 2200 1128 2235 sinu
1151 2200 1270 2236 Patris
1291 2199 1371 2246 ipse
1385 2198 1583 2240 ,enarravit
1605 2207 1677 2234 no-

909 2247 979 2283 bis.
1006 2261 1019 2279 »
1050 2247 1183 2284 Sinum
1218 2247 1335 2284 Patris
1362 2245 1525 2292 appellat
1554 2245 1678 2280 Evan-
1711 2251 1715 2256 '

102 2291 181 2338 quit
215 2292 320 2329 Pater
351 2298 527 2331 aeternuS.
551 2295 595 2331 Et
615 2305 751 2331 sensus
778 2299 832 2332 est
859 2306 867 2331 ε

103 2339 179 2386 Ego
199 2343 235 2394 te
254 2342 383 2386 genui,
415 2352 493 2379 non
524 2352 570 2378 ex
602 2342 740 2385 nihilo,
772 2343 867 2379 sicut

103 2397 163 2424 res
182 2387 275 2424 alias
300 2393 442 2429 creatas
477 2400 484 2426 :
519 2390 583 2427 sed
616 2400 661 2427 ex
694 2391 869 2427 foecunda

100 2433 311 2473 substantia
331 2446 428 2480 mea,
444 2441 622 2483 tanquam
638 2437 760 2474 tilium
781 2448 870 2474 con-

102 2482 312 2526 naturalem
351 2487 386 2521 et
424 2484 800 2523 consubstantialem.
834 2490 869 2521 et

103 2528 254 2581 quidem
306 2534 394 2569 ante
443 2532 626 2579 Angelum
679 2532 866 2580 primum,

103 2580 188 2622 aute
225 2587 359 2615 omnes
395 2579 535 2625 stellas,
583 2584 672 2618 ante
715 2591 868 2617 omnem

104 2628 327 2669 ereaturam,
347 2630 435 2663 ante
455 2627 583 2664 omnia
602 2627 752 2664 saecula.
786 2628 867 2664 Foe-

104 2671 229 2725 cundo.
247 2672 457 2724 substantia
477 2679 635 2721 paterna
655 2675 773 2712 instar
793 2686 868 2712 ma-

105 2721 207 2771 tricis
243 2724 312 2764 est,
357 2726 393 2758 et
435 2721 553 2759 instar
598 2723 692 2759 uteri
736 2723 868 2760 aeterni

105 2764 233 2820 filium·
268 2769 485 2821 generantis
522 2774 558 2806 et
594 2771 867 2816 concipientis;

105 2822 191 2865 qum
224 2822 265 2849 m
294 2813 360 2868 illa
390 2817 634 2863 generatione
653 2822 687 2854 et
708 2828 867 2864 concep-

105 2859 344 2913 tione-Patris
363 2867 398 2900 et
420 2863 547 2901 Matris
578 2864 747 2902 officium
774 2866 867 2912 gerit

105 2916 137 2945 is
156 2917 219 2953 qui
240 2913 391 2954 generat
409 2915 446 2950 et
464 2912 643 2960 concipit.
667 2912 744 2951 Nec
764 2917 868 2951 extra

103 2963 143 2998 se
162 2959 331 3001 generat,
350 2956 415 2998 sed
434 2958 552 3006 intra;
572 2963 609 2997 et
627 2970 740 3008 quem
758 2970 869 3009 gene-

907 2295 1053 2341 gelista,
1075 2305 1186 2341 quem
1209 2294 1405 2331 Psalmista
1433 2298 1580 2329 uterum
1606 2303 1678 2339 ap-

909 2342 1126 2389 pellaverat,
1156 2342 1276 2390 inquit
1310 2342 1346 2378 S.
1381 2340 1611 2387 Augustinus
1636 2339 1679 2384 in

910 2390 967 2426 Ps.
991 2390 1044 2426 Ex
1066 2390 1133 2427 illo
1153 2400 1240 2436 ergo
1262 2389 1347 2426 sinu
1370 2388 1552 2435 procedit.
1572 2391 1609 2424 et
1637 2387 1679 2425 in

909 2437 975 2474 illo
996 2438 1182 2480 coexistit,
1206 2437 1302 2473 Patri
1323 2442 1548 2482 coaeternus,
1579 2434 1679 2474 Patri

907 2485 1070 2522 dilectus
1090 2490 1125 2521 et
1147 2486 1317 2524 intimus,
1340 2485 1378 2519 in
1412 2484 1492 2528 cJ'us
1526 2482 1614 2519 sinu
1641 2486 1678 2519 et

907 2533 1051 2579 gremio
1072 2537 1215 2569 secreto
1229 2537 1411 2568 aeternuin
1435 2530 1676 2577 recumbens,

907 2585 1139 2617 secretorum
1172 2580 1346 2616 omnium
1381 2578 1572 2622 conscius,
1593 2588 1679 2624 quae,

909 2627 1019 2664 nobis
1039 2627 1240 2664 enarravit.
1263 2628 1297 2662 3.
1320 2625 1531 2672 Aliquando
1562 2626 1678 2667 etiam

907 2675 1047 2712 dicitur
1068 2676 1269 2721 procedere
1290 2684 1309 2708 e
1329 2673 1441 2710 corde
1462 2673 1592 2710 Patris.
1613 2673 1680 2709 Est

908 2724 1012 2761 euim
1049 2723 1150 2758 iilius
1182 2722 1321 2764 cordis,
1358 2731 1485 2757 amore
1524 2721 1678 2756 intinito

908 2775 944 2806 et
962 2774 1103 2807 aeterno
1123 2782 1143 2805 a
1165 2770 1271 2805 Pau-e
1291 2767 1423 2804 intime
1442 2768 1624 2810 dilectus;
1639 2770 1677 2805 et

909 2828 978 2855 nos
999 2818 1039 2854 in
1061 2818 1141 2863 ipso
1161 2816 1287 2852 dilecti
1317 2826 1463 2859 summ,
1495 2825 1566 2852 nec
1601 2814 1678 2858 nisi

908 2876 973 2911 per
994 2866 1117 2911 ipsum
1139 2863 1235 2900 Patri
1260 2863 1425 2909 placent,
1446 2864 1686 2910 quicumque*

910 2913 1059 2958 placent
1081 2922 1089 2947 τ
1110 2926 1123 2942 «ι
1150 2911 1216 2948 Hic
1236 2915 1292 2947 est
1312 2910 1413 2947 filius
1434 2921 1540 2946 meus
1560 2909 1676 2948 ditem

909 2965 984 3004 tus,
1005 2960 1046 2995 in
1077 2968 1150 3005 quo
1171 2957 1266 2996 mihi
1286 2957 1381 2996 bene
1401 2957 1628 3003 complacui.
1655 2971 1671 2995 ο
