1858 3184
171 120 254 160 278

172 213 235 249 est
252 211 462 261 opportun
480 219 587 260 pour
605 207 712 247 faire
731 218 777 247 ce
797 217 879 259 que
897 206 937 247 le
957 206 1269 259 Boi-prophete
1300 207 1451 246 atteste
1481 205 1600 245 avoir
1630 205 1707 245 fait
1730 217 1743 245 z

178 289 198 312 α
215 275 264 316 Je
284 272 478 314 meditais
494 273 686 326 pendant
704 272 746 311 la
763 272 858 311 nuit
877 284 930 311 au
951 271 1054 312 fond
1073 272 1243 312 demon
1277 269 1414 320 coeur,
1428 273 1470 310 et
1500 263 1744 311 m'entrete-
1763 288 1766 290 v

172 344 279 380 nant
296 351 350 380 en
365 339 628 388 moi-meme,
646 337 836 389 j’agitais
854 340 896 377 et
911 336 955 389 je
974 336 1129 377 roulais
1144 338 1247 377 dans
1266 348 1367 376 mon
1388 336 1518 388 esprit
1535 336 1749 388 plusieurs

172 408 362 458 pensees.
387 403 469 457 (Ps.
504 415 640 452 LXXVI,
662 401 719 456 7.)
742 417 761 440 »
797 404 874 442 Les
905 402 1018 442 nuits
1049 405 1145 443 sont
1182 401 1601 452 tres-longue3310rs
1637 401 1745 441 done

175 482 257 522 que
275 482 379 510 vous
397 481 500 510 vous
527 468 783 517 reveillerez‚
805 467 983 507 allumez
1015 467 1057 507 la
1087 467 1226 519 lampe
1258 467 1358 506 d’un
1391 477 1569 506 examen
1589 465 1742 515 lucide,

174 539 217 577 et
234 548 460 590 pareourez
479 534 822 586 soigneusement
840 537 957 573 votre
974 533 1191 573 interieur.
1213 533 1432 573 peut-etre
1452 532 1493 571 la
1524 531 1618 571 nuit
1642 534 1684 571 et
1703 531 1748 571 la

174 605 348 653 torpeur
367 600 674 652 revendiquent
693 598 735 638 la
752 598 846 650 plus
867 598 1026 650 grande
1055 598 1191 650 partie
1211 598 1262 637 de
1294 600 1411 637 votre
1431 597 1513 636 vie.
1538 596 1643 636 Bien
1675 596 1747 636 des

173 667 316 707 taches
351 666 489 718 gisent
521 665 625 704 dans
656 663 892 704 l'obscurite
931 676 1014 716 que
1050 675 1154 703 vous
1190 675 1339 715 pensez
1368 662 1456 702 etre
1495 662 1578 702 des·
1605 661 1750 714 points

173 732 383 782 brillants,
401 743 485 781 car,
502 735 679 770 souvent
696 729 736 769 lc
755 729 1061 770 discernement
1079 729 1135 768 du
1155 730 1176 769 J
1181 740 1265 780 uge
1278 731 1426 768 trouve
1441 728 1512 767 des
1525 727 1748 768 souillures

173 798 215 838 la
234 800 290 838 ou
308 796 469 849 l’agent
489 796 672 836 estimait
692 794 792 847 qu'il
806 807 835 846 y
854 794 969 835 avait
988 794 1039 833 de
1070 793 1261 833 brillants
1292 793 1478 833 merites.
1511 792 1609 832 Puis
1640 792 1751 832 donc

175 863 303 917 qu'on
321 874 426 902 nous
444 873 622 914 propose
653 861 922 900 maintenant
952 862 978 899 ὲ,
1009 860 1187 899 mediter
1223 859 1505 899 l'avenement
1537 858 1589 910 de
1625 861 1755 898 notre·

174 930 300 981 Juge,
323 928 519 968 meme-le
538 927 720 974 dernier,
742 938 901 978 voyons
916 937 961 965 ce
980 925 1054 977 qui
1073 937 1126 965 en
1159 936 1268 963 nous
1296 923 1486 976 pourrait
1517 922 1703 974 deplaire
1724 923 1750 961 a

174 1006 240 1035 ses
257 1005 372 1047 yeux
391 993 474 1033 asin
493 993 545 1033 de
564 991 761 1032 l’effaeer.
779 993 1019 1043 Prevoyons
1038 993 1161 1030 notre
1175 989 1333 1038 avenir‚
1345 988 1395 1028 de
1410 999 1516 1040 peur
1530 999 1612 1040 que
1626 990 1750 1027 notre

173 1060 399 1106 existence,
420 1058 515 1098 vide
533 1057 584 1097 de
604 1057 797 1104 lumiere,
820 1069 873 1096 ne
904 1068 947 1096 se
978 1057 1078 1096 heic
1109 1068 1160 1095 en
1194 1055 1371 1107 glissant
1401 1065 1495 1094 vers
1526 1053 1567 1093 la
1594 1053 1747 1105 region

176 1124 248 1164 des
266 1124 432 1164 ombres
452 1123 502 1162 de
522 1122 563 1169 la
581 1125 707 1162 mort.
728 1122 922 1163 L'affaire
943 1121 994 1161 de
1013 1120 1266 1160 notre-salut
1284 1119 1373 1160 doit
1404 1119 1509 1158 donc
1529 1130 1636 1159 nous
1662 1118 1755 1158 etre

175 1188 569 1242 principalements.
593 1200 723 1237 eoeur,
745 1191 788 1227 et
818 1187 889 1226 des
917 1186 1002 1226 lors
1033 1186 1064 1226 il
1100 1198 1208 1226 nous
1239 1186 1331 1224 faut
1369 1184 1615 1224 renouveler
1652 1194 1753 1222 avec

176 1255 398 1295 ferveurle
417 1265 569 1306 propos
588 1253 639 1294 de
665 1265 719 1293 ne
747 1252 841 1305 plus
873 1252 1027 1305 pecher
1059 1254 1084 1291 ἐι
1115 1251 1293 1291 l'avenir
1311 1253 1353 1290 et
1390 1250 1442 1290 de
1479 1249 1612 1290 servir
1646 1247 1753 1288 Dieu

177 1320 304 1361 d'une
324 1320 511 1360 maniere
531 1319 624 1371 plus
643 1318 839 1371 parfaite‚
861 1317 1173 1358 reconnaissent
1192 1328 1291 1356 aveo
1310 1315 1531 1356 confusion
1560 1317 1604 1354 et
1635 1316 1769 1354 com-‘

177 1385 379 1438 ponetion
400 1388 521 1425 notre
541 1384 705 1424 tiedeur
721 1385 867 1436 passee
886 1396 993 1436 pour
1017 1384 1058 1423 la
1088 1394 1274 1423 secouer.
1309 1383 1397 1429 Que
1427 1379 1757 1421 voudriez-vous

180 1452 298 1491 avoir
317 1451 395 1491 fait
413 1462 520 1503 pour
552 1450 641 1490 etre
671 1449 895 1502 tranquille
927 1451 951 1488 a
988 1448 1271 1488 l'avenement
1300 1446 1356 1487 du
1386 1444 1524 1498 Juge?
1544 1445 1753 1486 Efforcez-

178 1528 283 1557 vous
303 1515 414 1556 dele
437 1515 539 1555 faire
559 1517 585 1554 ὲ
604 1516 789 1567 present.
821 1513 958 1553 Plaise
989 1515 1014 1553 ὲ
1045 1513 1150 1553 Dieu
1189 1524 1270 1565 que
1308 1523 1412 1551 vous
1447 1509 1627 1563 puissiez
1664 1509 1756 1550 dire

181 1593 281 1622 avec
301 1580 339 1621 le
358 1580 567 1633 Prophete
591 1593 599 1619 :
627 1594 647 1618 t(
664 1580 685 1620 J
693 1579 744 1618 ‘ai
757 1580 999 1620 commence
1019 1578 1301 1617 maintenant.
1326 1590 1345 1614 n

235 1649 278 1687 2⁰
297 1646 331 1686 11
351 1646 443 1686 faut
459 1645 616 1686 exciter
636 1657 709 1684 son
730 1645 824 1684 time
843 1646 868 1683 a
887 1642 1124 1683 considerer
1155 1642 1335 1682 l’amour
1365 1641 1422 1681 du
1454 1639 1753 1692 Redempteur,

182 1713 208 1751 ὲ
226 1723 300 1751 son
317 1711 502 1764 premier
520 1713 785 1759 avenement,
809 1709 951 1762 quand
970 1709 998 1748 il
1026 1709 1122 1749 s’est
1140 1708 1280 1748 donne
1312 1711 1354 1747 et
1384 1707 1489 1746 livre
1509 1708 1602 1746 tout
1621 1705 1756 1745 entier

180 1789 289 1830 pour
306 1789 426 1825 nous,
442 1788 548 1816 nous
567 1775 771 1827 efforqant
789 1775 840 1815 de
860 1775 921 1815 lui
941 1774 1093 1814 rendre
1107 1785 1256 1813 amour
1276 1784 1382 1825 pour
1396 1782 1559 1811 amour.
1584 1771 1759 1811 Remur-

592 129 641 157 LE
671 128 875 158 RATIONAL
903 128 976 157 DES
1006 118 1327 157 PRssDICA'rEURffl

184 1950 240 1988 rio
273 1949 321 1986 dc
358 1948 431 1985 vita
463 1947 664 1994 praetcrita,
699 1947 745 1983 de
774 1945 950 1993 praesenti

183 1997 431 2045 negligentia,
445 1997 492 2033 de
511 1996 699 2033 anxietate
720 1994 952 2031 futura.1am

186 2052 336 2093 tempus
367 2049 622 2091 opportunum
661 2047 717 2080 est
748 2041 952 2089 peragendi

187 2094 287 2142 quod
309 2103 348 2130 sc
368 2093 501 2130 secisse
534 2095 689 2128 testatur
715 2093 791 2127 Rex
813 2094 847 2126 et
871 2089 952 2125 Pro-

186 2142 302 2190 pheta
324 2152 332 2177 :
360 2154 373 2171 α
399 2139 604 2177 Meditabar
629 2143 739 2176 noete
759 2148 845 2175 cum
867 2147 953 2173 eor-

187 2191 234 2226 de
268 2199 367 2232 meo,
389 2192 423 2224 ct
457 2187 662 2233 excitabar,
684 2191 719 2223 et
752 2184 954 2232 scopebam

189 2237 365 2285 spiritum
397 2245 539 2272 meum.
562 2236 644 2271 Jam
677 2234 834 2281 prolixae
867 2235 955 2268 sunt

188 2285 332 2322 affatim
352 2287 495 2328 noctes,
518 2283 600 2319 ideo
622 2286 659 2318 tu
689 2282 872 2318 excitatus
895 2280 954 2316 lu-

191 2332 265 2370 cidi
316 2331 503 2369 examinis
550 2329 764 2367 aceeudens
821 2329 954 2371 facem,

218 2388 441 2426 uaecumque
474 2378 513 2414 in
546 2382 580 2414 te
613 2381 713 2421 sant,
745 2375 954 2423 perlustra:

191 2392 347 2465 Persium
368 2425 572 2464 maximam
596 2426 679 2462 vita·
712 2429 784 2461 tum
814 2427 955 2470 partem

192 2486 267 2513 nox
296 2480 497 2522 torporque
526 2472 597 2510 sibi
632 2472 818 2509 vendicat.
842 2470 957 2507 Multa

193 2524 233 2560 in
279 2522 439 2561 obscuro
483 2521 710 2558 delitescunt
748 2517 956 2560 maculosa,

192 2581 276 2618 quae
298 2575 334 2607 tu
357 2574 530 2607 autumas
562 2579 643 2604 esse
677 2566 819 2614 fulgida
838 2583 845 2610 ;
868 2575 956 2601 nam

220 2619 419 2665 nandoque
440 2617 563 2654 sordet
584 2616 621 2653 in
644 2614 870 2652 discretione
890 2613 957 2648 Ju-

192 2630 304 2711 llinis,
344 2666 441 2720 quod
477 2664 592 2711 fulget
631 2664 669 2700 in
709 2661 958 2699 insinuatione

194 2717 399 2760 operantis.
416 2716 507 2749 Cum
523 2716 647 2748 auten·
677 2710 792 2747 nostri
814 2708 958 2745 iudicis

195 2762 392 2804 adventuri,
432 2760 542 2797 «itiam
584 2763 810 2806 postremus,
851 2755 959 2793 nobis

198 2819 302 2846 aune
324 2812 566 2864 proponatur,
590 2805 792 2844 videndum
815 2814 898 2852 qua:
919 2803 957 2839 in

200 2856 308 2892 nobis
329 2856 431 2893 illius
450 2854 571 2892 oenus
598 2858 753 2902 possunt
785 2852 958 2899 displice-

199 2915 250 2947 ro,
285 2907 323 2940 ut
354 2906 645 2950 expungantur3
684 2901 888 2939 videndum
920 2902 959 2936 ut

198 2954 332 2989 tuturm
365 2951 464 2989 inuiti
495 2950 730 2996 consulatur,
763 2959 812 2987 ne
843 2956 957 2986 vacua

992 1945 1100 1991 lucis,
1134 1944 1279 1981 lubrico
1311 1947 1485 1990 properet
1514 1941 1671 1988 restigio
1709 1941 1754 1978 ed

991 1993 1184 2039 regionem
1199 1991 1343 2028 umbra}
1357 1991 1501 2027 mortis.
1517 1989 1654 2026 Salutis
1668 1999 1757 2034 ergo

991 2045 1129 2076 nostran
1150 2040 1345 2087 negotium
1365 2049 1468 2075 nune
1495 2037 1607 2074 nobis
1631 2033 1756 2073 maxi-

991 2099 1052 2124 me
1079 2088 1182 2124 eordi
1216 2098 1297 2124 esse
1330 2086 1459 2130 debet;
1491 2090 1526 2122 et
1558 2085 1641 2121 ideo
1668 2094 1758 2121 eum

993 2137 1134 2172 fervore
1156 2135 1413 2171 renovandum
1435 2138 1491 2170 cst
1523 2132 1757 2179 propositum

992 2184 1038 2219 de
1074 2187 1209 2219 eaetero
1248 2193 1324 2219 non
1363 2181 1560 2228 peccandi,
1600 2184 1636 2215 et
1673 2180 1758 2217 ideo

994 2230 1195 2278 perfectius
1255 2229 1457 2271 serviendi,
1515 2228 1758 2273 agnoscendo

993 2288 1080 2314 eum
1131 2278 1355 2314 confusione
1394 2280 1428 2312 et
1465 2275 1760 2322 compunctione

995 2331 1159 2373 teporem
1181 2325 1425 2372 praeterituun
1441 2323 1625 2368 illumque
1649 2333 1759 2360 excu-

996 2373 1136 2411 tiendo.
1159 2372 1254 2417 Quid
1277 2373 1316 2408 in
1336 2372 1497 2407 adventu
1530 2371 1675 2407 iudicis
1701 2372 1758 2407 t'e—

995 2423 1091 2459 cisso
1117 2421 1231 2457 velles
1257 2431 1322 2467 pro
1344 2424 1405 2455 tua
1426 2418 1648 2455 securitate?
1681 2418 1758 2454 lloc

998 2480 1101 2506 nunc
1121 2478 1259 2506 conare
1279 2468 1323 2503 ad
1346 2467 1519 2503 cui—etum
1555 2466 1754 2502 deducere.

999 2517 1146 2554 Utinam
1167 2526 1253 2552 eum
1278 2515 1460 2561 Propheta
1475 2514 1595 2560 possis
1609 2514 1757 2550 dicere:

1001 2578 1015 2595 «
1039 2565 1147 2602 Nunc
1167 2563 1273 2610 cwpt.
1301 2578 1313 2595 υ

1043 2614 1078 2648 2.
1098 2610 1301 2648 Excitanda
1323 2614 1377 2645 ost
1399 2620 1506 2645 incus
1525 2609 1569 2644 ad
1591 2607 1763 2645 conside-

998 2659 1156 2696 randum
1207 2669 1372 2695 amorem
1426 2656 1683 2703 lledemptoris
1723 2655 1759 2691 in

997 2707 1118 2755 primo
1148 2716 1215 2743 suo
1247 2706 1424 2748 adventu,
1446 2704 1597 2751 quando
1631 2714 1670 2740 se
1700 2707 1760 2740 to-

998 2760 1076 2792 tum
1098 2764 1165 2802 pro
1187 2753 1296 2790 nobis
1317 2753 1417 2789 dedit
1440 2757 1476 2789 et
1508 2750 1664 2794 ‹siludim
1693 2758 1762 2787 co-

997 2802 1165 2839 nandum
1199 2801 1311 2838 otiam
1344 2805 1377 2837 ut
1414 2811 1520 2836 amor
1551 2798 1671 2835 amori
1699 2807 1762 2834 re-

996 2850 1193 2897 pendatur.
1217 2851 1255 2884 l·}l
1284 2849 1367 2886 ideo
1399 2846 1673 2884 attendendum
1706 2849 1762 2882 est

997 2897 1109 2935 modo
1128 2896 1221 2934 illud
1243 2896 1437 2943 l’rophetm
1460 2906 1467 2932 :

1048 2960 1061 2978 u
1098 2946 1304 2991 consurge,
1346 2943 1457 2982 lauda
1487 2943 1528 2981 in
1559 2945 1685 2987 noete,
1717 2938 1759 2975 in
