1858 3184
178 127 229 166 14
598 134 646 162 u:
675 132 893 163 RATIONALV
908 133 984 163 nas
1013 123 1334 162 paemen-suns.

176 214 216 255 le
237 214 462 265 seigneur,
483 212 522 253 le
550 212 657 253 Dieu
677 212 735 252 du
754 211 834 252 ciel
852 214 894 252 et
912 211 964 252 de
994 210 1037 252 la
1067 214 1195 259 terre,
1218 222 1300 263 que
1330 222 1433 251 vous
1466 222 1520 251 ne
1549 210 1754 264 prendrez

177 290 342 318 aucune
361 277 435 318 des
452 277 559 318 lilles
589 278 662 318 des
694 277 984 328 Chananeens,
1007 276 1146 330 parmi
1174 275 1356 329 lesquels
1375 275 1555 328 j'habite
1585 288 1694 329 pour
1712 276 1756 316 la

178 344 284 384 faire
303 346 480 396 epouser
498 345 524 383 a
542 355 642 383 mon
659 342 744 393 fils3
767 341 873 382 mais
893 355 973 394 que
993 354 1097 382 vous
1116 341 1201 382 irez
1232 354 1288 381 au
1318 353 1424 394 pays
1455 343 1512 381 οὺ
1542 343 1636 381 sont
1665 353 1756 382 mes

174 412 361 462 parents,
384 409 469 449 afin
507 408 576 461 d‘y
614 407 793 460 prendre
813 420 898 448 une
934 407 1091 448 femme
1110 420 1218 460 pour
1248 419 1346 447 mon
1377 407 1442 447 fils
1474 408 1603 447 Isaac.
1637 405 1753 459 (Gen.

176 486 292 524 mv,
313 474 425 528 2-4.)
448 490 467 511 n
490 475 552 515 On
570 474 666 526 jure
686 486 757 513 sur
775 485 860 513 une
880 473 1005 513 chose
1026 477 1179 522 samec,
1214 472 1286 512 des
1313 472 1398 512 lors
1418 484 1473 512 on
1504 471 1757 512 considerait

177 552 343 581 comme
361 551 445 580 une
465 540 589 580 chose
609 541 749 579 sacree
768 539 808 579 la
833 539 967 579 cuisse
996 539 1094 579 d’osl
1123 538 1265 578 devait
1295 538 1433 578 naitre
1464 537 1504 577 le
1530 536 1692 586 Messia,
1714 539 1758 577 et

176 617 254 658 par
272 608 546 658 consequent,
569 617 620 644 en
642 604 842 655 adjurant
865 617 941 656 par
961 606 1068 644 cette
1099 603 1236 656 partie
1273 603 1328 643 du
1361 615 1495 655 corps,
1520 602 1593 655 qui
1624 605 1686 642 est
1715 603 1757 643 la

174 683 321 712 source
341 671 394 711 de
414 671 456 711 la
485 670 732 723 generation
763 670 982 720 humaine,
1004 670 1104 710 c'est
1123 681 1284 709 comme
1305 668 1391 708 s’ils
1409 668 1578 708 avaient
1608 668 1756 720 adjure

174 749 253 789 par
271 736 313 776 la
331 735 449 776 chair
469 735 713 775 tres-sainte
745 736 797 775 de
829 737 951 776 Jesus
973 736 1047 787 qui
1075 735 1216 774 devait
1239 746 1291 774 en
1323 733 1543 786 proceder.
1575 734 1776 783 Ecoutez

173 804 197 842 ε’(
220 814 265 842 ee
284 802 396 854 sujet
416 802 537 842 Saint
557 800 758 853 Gregoire
780 813 790 840 ε
815 817 833 837 (ι
858 801 892 841 11
918 800 1168 840 commanda
1201 802 1226 839 a
1255 799 1419 839 Eliezer
1449 799 1500 839 de
1531 801 1684 839 mettre
1714 799 1755 840 la

174 868 291 908 main
313 879 410 907 sous
429 879 475 906 sa
493 866 640 915 euisse,
662 878 787 919 parce
808 878 889 918 que
922 867 973 906 de
1006 878 1051 905 ce
1072 865 1259 905 membre
1291 864 1432 905 devait
1459 864 1686 905 descendre
1714 864 1757 906 la

175 933 294 973 ehair
313 933 369 972 du
390 932 460 975 fils,
474 932 525 972 de
544 932 666 980 Uien,
689 931 828 984 lequel
850 932 976 972 serait
995 932 1061 971 fils
1081 931 1339 971 d’Abraham
1359 930 1476 970 selon
1502 930 1754 971 l’humanite

175 1003 220 1038 et
239 1010 315 1038 son
337 998 546 1049 Seigneur
565 997 680 1048 selon
702 997 743 1037 la
762 997 955 1038 divinite.
978 997 1086 1038 C'est
1117 1007 1281 1036 comme
1312 995 1377 1035 s’il
1407 995 1532 1036 disait
1554 1008 1563 1035 :
1585 996 1755 1037 Touche

177 1077 275 1105 mon
293 1063 360 1104 fils
380 1066 422 1103 et
436 1063 534 1115 jure
554 1076 607 1103 au
629 1075 731 1103 nom
749 1063 800 1103 de
821 1075 918 1103 mon
941 1063 1063 1103 Dieu.
1085 1064 1144 1102 De
1164 1062 1206 1102 la
1225 1061 1343 1102 vient
1361 1061 1465 1114 qu'il
1485 1074 1539 1102 ne
1558 1061 1620 1101 lui
1639 1073 1755 1102 com·

176 1129 332 1170 mande
354 1141 428 1181 pas
447 1129 498 1168 ‹le
518 1130 672 1168 mettre
690 1128 733 1167 la
765 1128 877 1168 main
909 1141 995 1176 sur,
1017 1128 1122 1167 mais
1154 1140 1250 1167 sous
1282 1139 1329 1167 sa
1359 1127 1506 1177 euisse,
1527 1139 1652 1179 parce
1671 1139 1756 1180 que

174 1197 227 1236 de
246 1195 288 1235 la
307 1194 448 1235 devait
466 1193 692 1233 descendre
712 1193 821 1233 celui
841 1194 930 1245 qui,
952 1195 1070 1232 etant
1088 1193 1274 1241 homme,
1297 1192 1509 1232 viendrait
1533 1193 1754 1234 au-dessus

175 1261 226 1302 de
245 1263 342 1301 tous
364 1259 424 1299 les
443 1259 649 1299 hommes.
685 1273 704 1296 n
740 1260 799 1298 La
830 1259 1128 1298 connaissance
1161 1258 1219 1298 du
1249 1258 1386 1298 meme
1417 1259 1600 1310 mystere
1631 1261 1753 1311 porta

174 1327 304 1368 Jacob
337 1328 362 1366 a
379 1337 476 1365 user
504 1325 555 1364 de
576 1324 618 1364 la
636 1324 771 1364 meme
792 1323 973 1363 forinule
992 1323 1291 1374 d‘adjuration.
1319 1322 1435 1375 (Gen.
1456 1324 1605 1377 xxvn).

228 1392 328 1433 Puis
347 1391 456 1431 donc
475 1389 763 1442 qu’Abraham
783 1389 1039 1428 eonnaissait
1058 1389 1093 1429 si
1111 1388 1207 1428 bien
1242 1391 1334 1429 tout
1364 1401 1409 1428 ce
1443 1401 1525 1441 que
1555 1402 1662 1430 nous
1680 1402 1752 1431 ve-

174 1469 282 1498 nons
301 1457 353 1497 de
373 1456 478 1504 dire,
501 1455 577 1494 ohl
601 1455 653 1495 de
674 1454 792 1507 quels
817 1454 947 1494 desirs
978 1466 1032 1493 ne
1061 1453 1286 1494 desirait-il
1316 1466 1392 1506 pas
1423 1466 1468 1495 ce
1499 1454 1565 1495 fils
1596 1467 1650 1496 en
1680 1456 1755 1509 qui

173 1527 270 1564 tous
290 1533 354 1562 ses
372 1524 514 1561 autres
534 1520 600 1560 fils
619 1519 814 1559 devaient
833 1520 922 1559 eti-e
942 1519 1080 1558 benis!
1103 1521 1161 1559 De
1182 1518 1300 1570 quels
1330 1531 1457 1559 voeux
1493 1532 1547 1560 ne
1579 1521 1751 1561 souhai-

173 1587 309 1629 tait-il
328 1599 402 1641 pas
422 1586 474 1626 de
493 1586 585 1625 voir
603 1585 769 1625 bientot
788 1584 948 1624 arriver
975 1588 1082 1624 cette
1102 1584 1381 1634 benedicum,
1403 1587 1511 1625 cette
1543 1586 1751 1638 multipli-

172 1653 313 1694 cation
351 1652 403 1692 de
434 1651 554 1691 racel
598 1666 616 1686 «
658 1650 887 1698 Abraham,
924 1650 1050 1689 ‹lisait
1085 1649 1382 1700 Jesus-Christ,
1416 1662 1442 1690 a
1478 1650 1613 1691 desire
1650 1663 1751 1692 avec

171 1718 327 1762 ardeur
347 1717 399 1757 de
417 1717 509 1757 voir
537 1727 636 1756 mon
653 1716 767 1767 jour.
790 1715 821 1755 11
850 1715 904 1754 l'a
926 1728 995 1763 vu,
1018 1717 1060 1755 et
1082 1714 1114 1755 il
1144 1726 1196 1754 en
1229 1727 1254 1755 a
1285 1716 1351 1755 etc
1384 1715 1546 1756 comble
1577 1716 1629 1756 de
1644 1716 1748 1768 joie.

171 1784 304 1838 (Jean.
328 1794 418 1831 vm,
441 1782 529 1835 56.)
552 1798 571 1818 x>
592 1781 626 1821 ll
646 1781 701 1820 l'a
719 1793 776 1820 vu
794 1793 847 1820 en
868 1780 1013 1833 esprit‚
1035 1783 1077 1820 et
1096 1781 1135 1821 le
1157 1780 1291 1833 grand
1310 1780 1420 1820 desir
1440 1781 1491 1821 de
1511 1782 1549 1821 le
1581 1781 1672 1822 voir
1695 1781 1751 1823 l'a

172 1849 336 1890 comble
356 1849 480 1889 d'une
502 1846 663 1900 grande
678 1846 781 1899 joie.
802 1847 919 1895 Mais,
942 1846 1134 1886 combien
1155 1846 1222 1886 fut
1243 1846 1404 1897 grande
1424 1858 1469 1886 sa
1483 1846 1587 1899 j0ie,
1607 1848 1749 1900 quand

170 2042 318 2078 minum
343 2041 460 2076 Deum
493 2038 579 2075 coeli
608 2042 643 2074 et
664 2042 771 2074 terrae
802 2041 841 2073 ut
862 2047 937 2073 non
982 2037 1116 2081 lemur,
1138 2037 1201 2073 sed
1223 2037 1293 2073 sub
1313 2037 1455 2074 seniore
1486 2047 1644 2078 manum
1677 2049 1746 2086 po-

167 2088 334 2135 accipias
354 2097 510 2124 uxorem
533 2086 611 2123 lilio
626 2095 709 2122 meo
724 2085 769 2120 de
790 2084 939 2121 filiabus

169 2136 490 2179 Chananmorum,
504 2134 568 2170 sed
590 2133 636 2169 ad
658 2137 793 2169 terram
816 2137 851 2168 et
871 2143 929 2169 co-

170 2184 392 2231 gnationem
433 2192 556 2219 meam
596 2180 863 2227 proficiscaris,
903 2185 938 2216 et

169 2233 259 2269 inde
297 2230 461 2278 accipias
483 2239 638 2267 uxorem
679 2228 757 2264 lilio
795 2238 893 2264 meo.
920 2242 932 2260 »

148 2275 315 2326 ‘Nempe
333 2279 591 2326 juramentum
606 2276 684 2313 lieri
710 2275 801 2312 solon
826 2286 938 2322 super

169 2339 248 2365 rein
270 2337 433 2371 sacram,
454 2326 576 2363 femur
596 2334 683 2370 ergo
716 2323 808 2360 illud
840 2328 937 2359 tarn-

169 2386 281 2423 quam
321 2384 469 2412 sacrum
520 2371 740 2415 habebatur,
781 2382 824 2407 ex
865 2381 938 2417 quo

169 2423 355 2460 oriundus
378 2421 531 2459 Messias
553 2431 560 2457 ε
584 2424 618 2456 et
640 2419 723 2456 ideo
744 2429 808 2465 pet·
833 2418 937 2455 illam

170 2476 330 2518 partem,
352 2481 434 2517 quae
454 2473 510 2506 est
539 2468 644 2513 origo
676 2467 851 2503 humanm
871 2478 939 2510 gea

170 2518 392 2562 notationis,
439 2517 670 2562 adjurantes,
723 2515 826 2561 quasi
875 2525 939 2560 por

169 2566 451 2603 satietissnnam
471 2565 559 2602 Jesu
580 2573 732 2601 carnem
755 2562 842 2598 inde
858 2573 937 2608 pro-

169 2622 359 2651 cessuram
382 2612 618 2658 adjurabant.
637 2611 727 2647 Audi
744 2610 813 2647 hae
834 2610 879 2645 (le
901 2620 939 2646 rc

168 2665 206 2698 S.
229 2661 468 2705 Gregoriutn.
489 2676 501 2691 «ι
523 2659 676 2697 Manum
692 2657 760 2695 suli
785 2659 938 2694 t‘vmow

170 2709 273 2747 'ubet
311 2718 451 2756 ponere
477 2708 565 2754 quia
613 2716 678 2754 per
726 2706 938 2743 membrum

164 2721 262 2794 illud
284 2757 513 2794 descensura
543 2760 621 2791 erat
649 2765 736 2792 earo
757 2754 852 2801 ujus,
873 2754 934 2801 qui

170 2805 287 2841 Filius
321 2802 477 2840 Altruhzn
506 2807 597 2838 esset
622 2813 664 2838 vx
690 2802 936 2844 humanitate,

168 2856 206 2889 ct
228 2851 412 2888 Dominus
432 2850 513 2896 ejus
534 2861 576 2885 ex
600 2850 810 2895 divinitate,
831 2849 936 2896 quasi

168 2899 267 2936 dieat
293 2910 299 2935 z
323 2899 452 2945 'range
484 2897 603 2934 lilium
638 2908 779 2942 meum,
801 2897 936 2944 ctjttru

169 2956 235 2993 per
270 2946 386 2983 Deum
421 2955 560 2983 meum.
585 2943 689 2982 Unde
722 2956 800 2984 non
827 2955 938 2993 super

980 2085 1192 2130 nerejtissit
1228 2085 1315 2131 quia
1348 2085 1435 2121 inde
1465 2090 1543 2122 erat
1576 2086 1641 2122 ille
1659 2087 1747 2124 des-

979 2143 1176 2176 censurus,
1210 2133 1273 2179 qui
1326 2132 1438 2169 homo
1482 2133 1649 2179 quidem,
1682 2135 1744 2172 sed

978 2190 1090 2225 super
1110 2191 1243 2217 omnes
1265 2181 1439 2217 homines
1454 2181 1610 2218 veniret.
1624 2182 1746 2219 Simili

977 2228 1227 2273 adjurationis
1267 2228 1387 2264 fornia
1420 2238 1508 2264 usus
1540 2234 1594 2266 est
1630 2230 1746 2267 Jacob

979 2277 1071 2311 Gen.
1094 2275 1153 2312 27.
1177 2286 1221 2312 ex
1244 2275 1410 2320 eiusdem
1446 2276 1613 2321 mysterii
1643 2278 1747 2315 noti-

979 2323 1040 2359 tia.
1065 2323 1223 2367 Quando
1243 2323 1395 2369 quidem
1416 2323 1529 2369 igitur
1558 2324 1746 2363 Abraham

977 2371 1107 2407 omnia
1135 2371 1213 2415 jsun
1246 2370 1347 2407 «licta
1378 2371 1494 2418 probe
1534 2377 1699 2417 noverat,
1723 2384 1746 2412 o

979 2423 1118 2465 ‹ptnnto
1138 2417 1325 2457 desiderio
1342 2418 1432 2455 illud
1455 2430 1584 2456 semen
1600 2421 1745 2458 desira-

981 2467 1054 2506 bat..
1078 2466 1116 2502 in
1138 2476 1211 2512 quo
1227 2466 1349 2503 caeteri
1372 2466 1452 2511 ejus
1474 2467 1541 2503 tilii
1562 2468 1746 2505 eranthe-

979 2514 1200 2550 nediceudil
1242 2524 1263 2550 o
1285 2514 1435 2559 quantis
1473 2515 1566 2551 votis
1595 2516 1747 2563 optabat

978 2562 1052 2598 cito
1077 2561 1254 2597 advenit-e
1287 2561 1390 2598 illum
1426 2561 1743 2606 benedictionem.

981 2610 1084 2646 ittmn
1141 2609 1299 2645 seminis
1354 2609 1710 2656 multiplicationem
1732 2612 1738 2648 l

983 2674 995 2689 u
1022 2656 1209 2693 Exultavit
1229 2655 1742 2700 Al›rahan1,utvideretdiem

981 2715 1120 2749 inrum,
1142 2703 1231 2740 vidit
1252 2708 1283 2739 et
1307 2704 1456 2747 gavisus
1487 2709 1557 2749 est,
1581 2720 1594 2739 n
1620 2705 1744 2753 inquit,

979 2752 1159 2790 christus.
1186 2751 1283 2788 vidit
1313 2751 1494 2788 nimirum
1517 2753 1558 2789 in
1591 2754 1740 2803 spiritu,

978 2805 1008 2836 et
1046 2810 1182 2846 magno
1214 2798 1386 2845 perfusus
1422 2803 1479 2835 est
1515 2800 1665 2846 gaudio,
1695 2813 1741 2839 ex

979 2858 1114 2892 niagno
1134 2846 1283 2883 videndi
1298 2845 1496 2884 desiderio.
1515 2847 1603 2892 Λῑ,ο
1617 2859 1741 2896 quan-

978 2900 1055 2932 tuni
1080 2894 1146 2931 t'uit
1168 2893 1361 2938 gaudium.
1382 2894 1472 2931 dum
1504 2905 1591 2932 euin
1624 2907 1740 2935 cons-

977 2943 1121 2992 picatus
1141 2945 1196 2980 est
1215 2945 1438 2989 praesentem
1473 2942 1511 2979 in
1543 2943 1676 2992 limbo,
1698 2944 1740 2982 in
