1858 3184
0 2662 42 2793 ξ

10 2802 26 2824 δ

17 2851 30 2876 .²

733 155 765 188 o
786 154 1020 190 umam.
1613 148 1667 190 oe

84 249 194 280 vous
211 249 266 278 66
283 247 444 291 pouvez
459 234 763 289 pfflaitement‘
778 235 818 275 16
836 235 1076 284 conflasti-m
1100 245 1264 276 6661616
1295 234 1326 275 11
1356 238 1419 275 651
1450 235 1664 289 melfam,

86 315 195 344 vous
211 315 263 345 ne
282 310 439 356 pouvez
456 311 695 354 prononeer
713 313 789 341 son
810 313 909 340 nom
928 311 1097 353 propre.
1131 302 1185 341 Et
1216 300 1247 340 il
1277 312 1330 340 en
1363 303 1424 340 est
1455 302 1667 344 ενι-6161661

89 369 215 409 ainsi.
236 370 451 409 Pei-sonno
479 377 532 406 en
564 366 666 406 effet
696 378 780 419 que
811 366 871 406 lui
890 378 942 405 ne
979 366 1151 405 6666611
1186 377 1263 405 566
1296 377 1396 405 nom
1428 366 1594 407 interne
1626 370 1668 408 61

89 434 288 486 adequat.
310 431 430 472 Voilzi
450 431 658 483 pour-quoi
681 432 738 470 les
758 432 939 470 Anciens
954 431 1159 482 jugerent
1179 431 1282 482 qu'il
1304 431 1430 471 valait
1449 431 1667 484 beaucoup

90 500 236 540 mieux
254 498 292 538 le
311 498 485 538 venerer
505 496 609 536 dans
628 508 711 536 une
732 495 954 536 adoration
976 496 1222 536 silencieuse
1237 508 1318 548 que
1335 496 1439 536 (1665
1459 509 1539 536 666
1559 498 1668 538 56116

92 564 261 617 plus-ou
279 562 419 604 moins
437 561 660 614 eloquente
682 562 732 601 de
766 561 945 614 pai-oles.
981 561 1099 609 Mais,
1122 572 1286 601 comme
1317 561 1422 601 Dieu
1454 574 1479 601 a
1510 562 1668 615 daigne

91 628 187 682 agir
206 632 248 668 et
265 627 405 680 parler
425 638 526 666 aveo
546 638 666 675 6665,
689 627 717 666 11
740 639 765 665 a
784 627 938 677 daigne
960 626 1208 666 manifester
1228 639 1284 665 un
1306 638 1406 666 nom
1437 628 1667 676 exter-leur,

90 692 281 746 symbolo
299 692 424 732 d'une
443 691 496 732 de
516 703 579 731 ses
599 691 853 743 perfeetions
871 703 925 730 au
947 703 1100 742 moyen
1121 691 1277 744 duquel
1300 704 1405 741 nous
1421 692 1669 744 ruppelons.

91 757 200 800 G'est
218 757 426 810 pom-quoi
447 757 477 796 il
498 756 559 796 dit
578 758 603 795 6
624 757 751 797 Mo'ise
777 768 786 796 ε
811 771 830 792 ιι
853 756 902 796 Je
935 769 987 796 ne
1021 756 1112 796 leur
1144 757 1183 796 61
1217 758 1335 809 point
1367 757 1540 809 indique
1569 769 1671 812 mon

93 835 194 864 nom
212 822 432 863 d’Adonai.
460 836 480 859 11
514 823 580 869 Ε1,
606 822 749 874 quand
781 822 910 862 Mo'ise
947 822 1050 862 etait
1087 824 1249 874 envoye
1283 835 1388 874 pour
1419 822 1601 863 delivrer
1632 822 1673 865 16

91 887 246 941 peuple
264 887 423 927 hebreu
444 886 495 926 de
514 887 555 926 la
575 887 772 939 captivite
793 886 843 926 de
866 887 1077 935 Pharaon,
1099 886 1128 925 il
1147 899 1220 926 osa
1240 887 1477 939 interroger
1497 888 1602 928 0166
1632 891 1676 928 et

94 953 155 995 lui
173 952 402 993 demander
425 964 465 990 t«
492 951 587 992 S'ils
607 963 674 991 me
689 952 827 991 disent
852 965 860 991 :
885 952 987 999 Quel
1009 957 1070 991 est
1090 964 1164 990 son
1182 951 1315 991 nom?
1331 954 1419 1000 Quo
1441 954 1533 993 leur
1552 953 1676 993 dirui-

88 1018 161 1070 je?
179 1031 199 1056 11
224 1017 329 1058 0166
360 1017 422 1057 (111
441 1018 467 1056 ὲ
485 1017 614 1056 Moise
638 1030 646 1056 :
674 1030 692 1054 «
714 1018 763 1057 Je
783 1017 868 1056 suis
888 1017 995 1056 celui
1017 1018 1088 1068 qui
1108 1017 1209 1056 suis.
1238 1034 1255 1052 n
1282 1018 1392 1056 Vous
1424 1018 1537 1058 direz
1570 1018 1676 1059 ainsi

94 1095 180 1125 aux
198 1082 367 1123 enfants
386 1081 555 1122 d’lsrael
577 1094 586 1120 :
613 1096 632 1118 (ι
646 1082 762 1121 Celui
783 1082 857 1134 qui
876 1085 938 1122 est
968 1082 1051 1121 m’a
1065 1084 1228 1134 envoye
1250 1095 1342 1122 vers
1362 1096 1480 1123 vous.
1504 1099 1524 1119 »
1551 1083 1676 1125 Voilii

94 1149 207 1189 deux
226 1159 348 1191 noms
367 1147 557 1200 indiques
577 1159 653 1199 per
672 1147 773 1188 Dieu
797 1147 1035 1187 lui-meme.
1058 1148 1176 1196 Mais,
1193 1159 1256 1187 ses
1272 1161 1393 1188 66615
1404 1153 1498 1188 5661
1518 1149 1676 1190 innom-

93 1213 274 1261 lai-ables,
297 1224 422 1266 parce
442 1212 615 1264 qu’elles
635 1216 730 1251 sont
750 1213 1063 1252 innombrables
1084 1212 1142 1252 les
1176 1214 1431 1264 perfections
1463 1226 1544 1266 que
1568 1226 1677 1255 nous

94 1278 467 1329 devonsindiquer
487 1290 562 1329 par
596 1277 667 1316 (165
703 1289 822 1316 uoms
853 1277 1007 1326 divers,
1029 1277 1126 1316 bien
1161 1277 1286 1329 qu'en
1319 1278 1379 1318 lui
1412 1278 1512 1319 elles
1542 1280 1678 1321 soient

96 1355 182 1386 une
201 1342 431 1395 perfectiori
454 1344 658 1381 tres-une.

150 1409 261 1449 Dans
279 1419 324 1447 sa
343 1413 486 1448 xxxv1⁰
519 1407 661 1458 Epitre
682 1409 707 1446 6
726 1408 936 1456 Marcelle,
961 1408 1082 1447 Saint
1100 1409 1268 1448 Jerome
1291 1413 1388 1448 note
1409 1410 1521 1449 deux
1556 1422 1678 1450 noms

97 1473 150 1513 (16
170 1472 276 1514 Dieu
295 1471 395 1512 chez
418 1472 478 1512 les
497 1472 710 1520 Hebreux,
733 1472 911 1524 lesquels
938 1476 1034 1512 sont
1073 1473 1172 1512 tires
1210 1473 1261 1513 de
1300 1474 1339 1513 16
1377 1475 1522 1514 Salute
1559 1476 1675 1516 Eori-

97 1542 209 1579 ture.

131 1641 139 1648 ,,
152 1603 195 1642 1⁰
212 1603 270 1643 Le
288 1605 473 1654 premier
494 1613 593 1641 nom
614 1601 665 1642 de
685 1602 790 1642 Dieu
810 1602 910 1642 chez
931 1602 990 1642 les
1006 1603 1403 1651 116111·661ι,6’65161.,
1420 1605 1494 1657 qui
1508 1606 1679 1658 signifie

96 1667 211 1708 Fort.
232 1667 289 1708 Ce
326 1678 428 1707 nom
460 1667 634 1718 (1651866
673 1668 873 1707 tres-bien
912 1669 1033 1716 0166,
1064 1668 1181 1709 56166
1219 1669 1258 1709 16
1296 1676 1385 1709 mot
1421 1671 1473 1710 de
1511 1672 1642 1712 Mo'ise
1665 1685 1676 1712 :

99 1749 122 1773 «
149 1732 374 1785 seigneur,
398 1732 471 1785 qui
496 1735 558 1772 est
594 1732 826 1773 semblable
867 1736 891 1773 (1
931 1746 1031 1773 vous
1071 1734 1208 1786 parmi
1250 1735 1309 1775 les
1346 1735 1485 1776 forts?
1505 1750 1525 1774 »
1567 1737 1679 1778 c'est

96 1809 260 1841 comme
278 1797 343 1838 s'il
370 1797 493 1838 disait
516 1810 525 1837 :
548 1798 627 1845 Qui
658 1802 721 1838 651
758 1799 988 1839 semblable
1007 1802 1030 1838 (1
1051 1812 1154 1839 vous
1177 1801 1315 1852 parmi
1340 1800 1400 1840 165
1429 1800 1548 1851 forts,
1571 1814 1677 1843 vous

98 1863 172 1916 qui
189 1874 266 1915 par
283 1863 325 1904 la
342 1863 455 1903 force
481 1862 532 1902 de
552 1866 671 1902 voire
691 1863 787 1903 bras
819 1865 1001 1916 plongez
1035 1864 1228 1905 Pharaon
1260 1878 1363 1906 avec
1395 1879 1460 1906 ses
1492 1867 1615 1908 ehars
1635 1870 1680 1908 et

100 1939 164 1968 ses
183 1927 384 1968 cavaliers
403 1928 508 1967 dans
535 1928 577 1967 la
608 1929 749 1969 mort?
780 1929 859 1976 Qui
888 1933 951 1969 est
981 1930 1210 1970 semblable
1242 1932 1267 1970 6
1302 1943 1406 1970 vous
1444 1933 1581 1985 parmi
1618 1933 1678 1974 les

99 2106 241 2150 fabilis,
263 2116 402 2143 nomen
434 2106 516 2151 ejus
546 2107 741 2153 proprium
761 2106 866 2143 effari

99 2153 247 2201 nequis.
271 2154 315 2190 Ει
334 2158 435 2191 certe
453 2154 505 2190 ita
525 2158 592 2191 651.
610 2154 705 2192 Nam
727 2166 868 2191 nomen

99 2201 182 2250 ejus
202 2202 397 2238 internum
428 2206 464 2238 61
495 2202 733 2248 adaequatum
755 2213 867 2238 nemo

100 2249 206 2289 novit
238 2249 313 2286 nisi
344 2249 444 2295 ipse;
471 2250 572 2286 unde
600 2250 695 2286 illud
726 2250 867 2286 silentii

101 2296 227 2344 potius
245 2297 463 2334 adoratione
483 2298 739 2334 venerandum
761 2298 867 2343 judi—

99 2348 236 2382 earum
256 2344 422 2391 Antiqui,
443 2355 555 2391 quam
575 2345 716 2392 eloquii
731 2345 866 2381 oralio-

100 2401 164 2429 ne.
186 2391 282 2436 Quia
313 2396 439 2429 tamen
474 2392 570 2428 Deus
603 2393 779 2439 diguatus
813 2397 868 2429 651

100 2438 302 2481 nobiseum
321 2450 431 2487 agere
450 2443 487 2476 61
513 2439 693 2486 colloqui,
714 2441 867 2487 aliquod

99 2495 244 2529 nomen
275 2491 475 2524 externum
494 2486 655 2534 alicujus
676 2498 753 2524 suae
781 2498 868 2535 per—

99 2530 277 2579 {wtionis
314 2534 429 2572 index
462 2535 638 2581 dignatus
668 2541 723 2572 est
755 2536 868 2572 etiam

195 2581 357 2626 ‘restare
372 2592 444 2628 quo
464 2592 551 2620 eum
571 2583 682 2619 611661
703 2583 870 2629 alloqua-

99 2587 207 2675 κ..
235 2629 342 2667 Unde
375 2629 494 2676 Moysi
525 2630 647 2667 dicit:
675 2646 688 2662 (ι
722 2631 870 2668 Nomen

102 2676 394 2723 mAdonai
412 2687 491 2714 non
511 2677 676 2715 indicavi
694 2678 762 2715 eis.
787 2692 802 2711 ι
826 2679 870 2714 Et

100 2722 359 2771 eum-Mones
389 2725 436 2761 ad
467 2725 651 2771 populum
671 2737 691 2762 6
711 2726 870 2772 captivi-

106 2773 182 2808 tate
201 2768 404 2809 Pharaonis
428 2772 667 2810 liberandum
700 2773 870 2810 minere-

105 2821 182 2861 tur‚
200 2826 314 2855 ausus
331 2823 387 2856 est
411 2819 650 2867 interrogare
678 2821 814 2865 Deum,
836 2825 872 2857 et

103 2864 233 2903 dicere
243 2873 264 2918 ,ε
289 2878 305 2899 ι
325 2865 363 2902 Si
381 2866 560 2912 dixerint,
581 2868 682 2915 quod
712 2873 769 2905 651
799 2878 870 2905 6ο-

107 2921 199 2949 6166
218 2921 313 2957 eJuS,
333 2913 423 2959 quid
453 2915 578 2952 dicam
605 2917 689 2952 eis?
709 2931 723 2948 υ
751 2916 870 2952 Dixit-

106 2969 182 3007 que
214 2959 312 2998 Deus
341 2960 390 2999 ad
420 2960 605 3008 Moysen:
629 2977 645 2997 (ι
667 2963 745 3011 Ego
771 2973 870 3009 sum,

906 2108 970 2154 qui
1003 2118 1101 2144 sum.
1126 2124 1140 2141 ι
1178 2108 1238 2145 816
1271 2109 1374 2146 (11665
1407 2110 1496 2146 111115
1529 2112 1675 2149 lsrael:

910 2170 924 2188 α
961 2156 1032 2199 Qui
1065 2160 1120 2191 651
1151 2156 1254 2192 611511
1288 2168 1347 2193 rue
1378 2158 1425 2193 ad
1459 2168 1536 2194 VOS.
1568 2175 1582 2193 ιι
1622 2160 1679 2197 En

906 2214 994 2249 ergo
1016 2204 1173 2239 uomina
1193 2204 1282 2247 duo,
1303 2204 1351 2240 ab
1385 2205 1546 2251 ipsomet
1572 2207 1677 2244 indi-

904 2255 1001 2286 cala.
1034 2251 1104 2286 Sed
1135 2261 1218 2287 vere
1250 2251 1453 2288 innumera
1479 2259 1568 2290 sunl
1598 2255 1680 2301 eJus

906 2298 1084 2342 nomina;
1104 2298 1191 2345 quia
1204 2298 1418 2336 innumerae
1428 2301 1680 2346 perfectiones

905 2351 1102 2392 sunl‚quae
1121 2346 1278 2383 diversis
1299 2347 1519 2384 nominibus
1538 2349 1681 2389 debent

906 2394 1068 2430 indicari
1099 2406 1122 2429 a
1152 2393 1278 2440 nobis,
1299 2394 1388 2432 11661
1420 2396 1460 2431 16
1494 2396 1576 2442 ipso
1602 2398 1680 2436 5161

907 2451 984 2477 una
1022 2441 1307 2488 simplicissima
1338 2443 1534 2489 perfectio.
1558 2445 1680 2483 Caele-

907 2499 992 2525 rum
1024 2489 1059 2524 S.
1100 2489 1366 2536 Hieronymus,
1404 2490 1523 2536 Epist.
1556 2492 1603 2529 36
1630 2495 1680 2532 ad

908 2536 1126 2574 Marcellam
1139 2537 1239 2583 apud
1256 2538 1431 2574 ssebraeos
1444 2538 1577 2577 decem
1595 2551 1678 2579 esse

910 2584 1068 2621 nomina
1088 2584 1480 2631 Dei‚annotavit,quae
1498 2596 1545 2623 ex
1557 2587 1680 2638 Scrip-

910 2632 1002 2668 turis
1023 2632 1275 2668 deducuntur.

958 2679 1126 2715 Primum
1147 2689 1288 2715 nomen
1322 2678 1387 2714 Dei
1417 2679 1588 2719 Hebraeis
1606 2688 1678 2729 651,

909 2728 943 2763 Ε
949 2725 978 2771 l,
999 2726 1038 2763 id
1057 2731 1112 2762 651
1136 2727 1266 2763 Fortis.
1283 2726 1364 2768 Quo
1383 2727 1538 2773 quidem
1558 2733 1680 2769 nomi-

909 2784 958 2810 ne
1003 2775 1102 2810 Deus
1140 2779 1241 2810 recte
1286 2773 1488 2821 indicatur,
1528 2778 1680 2817 dicente

908 2823 1036 2867 Moyse
1057 2832 1066 2858 :
1083 2833 1100 2855 (ι
1120 2821 1211 2864 Quis
1230 2820 1366 2857 similis
1379 2823 1435 2859 tui
1448 2823 1488 2860 in
1503 2824 1679 2874 fortibus,

913 2869 1096 2905 Domine?
1137 2883 1150 2899 »
1206 2867 1320 2911 Quasi
1369 2869 1510 2907 diceret
1545 2883 1554 2909 :
1589 2875 1682 2918 Quis

911 2916 1048 2952 similis
1063 2915 1115 2951 lui
1137 2915 1179 2951 in
1196 2915 1369 2962 fortibus,
1389 2918 1453 2964 qui
1481 2921 1619 2967 mergis
1638 2922 1683 2962 in

911 2963 1065 3001 brachio
1078 2966 1143 3001 tuo
1152 2962 1240 3000 forti
1249 2962 1483 3004 Pharaonem
1496 2977 1585 3006 cum
1598 2979 1684 3008 661·-
