1858 3184
508 165 724 205 nomme
751 172 967 207 8181111888
994 175 1048 209 nn
1073 167 1264 211 t'nmrr.
1586 170 1666 217 m

104 251 243 294 Christ
261 250 367 294 n'est
383 252 503 306 point
520 252 718 294 restreint
738 256 763 295 8
793 254 835 295 18
854 258 1024 298 8081188
1053 258 1273 312 Juda'ique,
1308 260 1337 300 il
1370 274 1422 302 ne
1459 263 1563 305 dure
1594 277 1671 318 pas

105 329 187 370 peu
207 317 259 358 de
277 319 412 371 temps
431 328 592 358 comme
612 317 650 358 18
671 319 873 372 Bapteme
891 322 942 362 de
961 323 1080 372 Jean,
1101 324 1208 364 mais
1241 325 1272 364 il
1303 338 1347 366 se
1379 329 1538 380 repand
1567 330 1671 371 dans

104 383 198 422 tout
216 381 429 433 l'u‘nlvers‚
450 383 493 422 et
512 381 544 421 il
563 383 725 435 appelle
745 386 883 426 toutes
901 386 963 427 les
983 388 1154 428 nations.
1180 387 1266 430 818
1296 390 1564 442 purification
1585 398 1627 436 et
1646 397 1672 436 a

105 446 147 487 18
166 447 480 488 sanctification.
503 447 615 487 Pour
633 447 794 500 figurer
825 463 873 491 ce
902 452 995 501 fait,
1030 453 1134 494 Dieu
1168 456 1283 494 avait
1316 456 1394 496 fait
1412 457 1553 509 placer
1584 462 1609 499 a
1627 460 1670 500 18

61 543 69 545 ,
104 517 224 564 porte
242 513 300 552 du
320 511 473 565 temple
493 525 550 552 un
571 513 777 555 immense
798 528 894 556 vase
921 517 1116 567 d'airain,
1138 520 1285 572 appele
1305 520 1345 560 la
1366 533 1456 562 mer
1475 523 1666 575 d’airain,

103 581 147 618 et
166 577 297 617 douze
315 576 451 617 boeufs
470 576 509 616 le
528 579 757 630 portaient.
779 581 900 620 Trois
919 582 1080 622 d'entre
1095 595 1177 623 eux
1190 586 1458 637 regardaient
1474 587 1667 641 l'Orient,

104 641 208 682 trois
227 639 266 682 le
283 636 399 691 Midi,
422 641 525 681 trois
546 641 789 694 l’Occident,
813 645 915 686 trois
935 646 972 687 le
994 648 1124 688 Nord.
1155 650 1210 690 Ce
1242 662 1339 691 vase
1369 651 1580 704 designait
1610 654 1670 695 les

103 705 213 746 fonte
233 709 368 747 588165
386 706 442 746 du
464 707 681 760 Bapteme,
703 721 826 761 parce
846 710 969 763 qu'ils
990 716 1082 752 sont
1100 713 1239 766 places
1254 717 1279 754 a
1299 715 1472 757 l'entree
1492 718 1546 758 du
1567 722 1670 760 tem-

102 770 187 824 ple,
207 773 249 811 et
266 779 388 824 parce
409 782 490 824 que
510 773 549 812 le
567 774 769 826 Bapteme
790 779 852 815 est
870 775 912 815 la
931 782 1050 829 porte
1077 779 1128 819 de
1148 778 1318 832 l'Eglise
1349 786 1391 822 et
1425 783 1495 822 des
1529 785 1672 825 Secre-

102 834 251 876 ments.
274 834 351 876 Les
368 835 505 878 hoeufs
526 838 800 890 symbolisent
819 841 879 881 les
897 841 1028 882 douze
1050 844 1227 896 Apotres
1259 846 1331 898 qui
1351 852 1423 887 ont
1444 848 1671 892 fortement

101 900 290 941 travaille
312 902 416 942 dans
435 902 551 943 l’aire
570 904 626 943 du
647 905 854 958 Seigneur
873 910 915 947 et
934 910 1053 958 porte
1073 909 1112 949 le
1144 915 1378 951 sacrement
1397 913 1447 954 de
1466 914 1671 967 Baptdme

99 975 155 1006 en
172 965 355 1008 diverses
373 969 544 1020 regions
565 969 663 1009 d'ou
683 970 711 1010 il
734 983 759 1011 8
781 972 1045 1024 rapidement
1066 975 1218 1016 atteint
1243 976 1302 1016 les
1335 982 1483 1030 quatre
1514 981 1671 1032 parties

100 1028 159 1071 du
177 1030 345 1072 monde.
375 1032 482 1073 G'est
512 1035 736 1087 pourquoi,
760 1038 784 1075 a
820 1035 860 1075 18
899 1038 1173 1079 Benediction
1211 1041 1282 1080 des
1322 1043 1462 1093 FontS,
1497 1044 1670 1098 l’Eglise

98 1093 250 1136 chante
275 1108 284 1136 ε
311 1110 329 1135 «
351 1098 463 1139 Vous
483 1099 705 1150 reJouissez
724 1113 801 1153 par
821 1101 1118 1155 l'impetuosite
1138 1105 1210 1145 des
1229 1107 1460 1149 afssuences
1480 1110 1531 1150 (18
1550 1114 1669 1152 votre

103 1160 228 1212 grece
250 1161 287 1200 la
308 1161 387 1202 cite
408 1163 458 1203 de
478 1163 599 1215 Dieu‚
620 1177 724 1204 vous
743 1178 896 1206 ouvrez
916 1167 957 1207 18
978 1181 1123 1210 source
1145 1170 1199 1210 (18
1229 1172 1430 1224 Bapteme
1462 1175 1568 1216 dans
1586 1176 1666 1216 l'u-

104 1223 243 1264 nivers
264 1226 398 1266 entier
416 1240 524 1280 pour
536 1230 781 1270 reneuveler
795 1232 853 1271 les
875 1232 1057 1272 nations.
1081 1249 1099 1272 »

155 1290 264 1330 Tout
282 1290 371 1331 cela
408 1292 626 1334 demontre
660 1293 904 1336 clairement
935 1297 1200 1339 l'excellence
1239 1302 1434 1355 multiple
1467 1305 1518 1344 de
1548 1308 1669 1348 notre

102 1353 317 1407 Bapteme,
339 1357 552 1397 considere
572 1358 676 1398 dans
695 1372 740 1399 58
759 1361 949 1412 matiere,
969 1363 1069 1403 dans
1089 1377 1133 1403 sa
1155 1365 1303 1414 forme,
1327 1367 1428 1407 (1885
1448 1382 1512 1409 585
1531 1371 1665 1423 effets,

100 1418 207 1473 dans
226 1432 270 1460 sa
289 1422 505 1472 necessite,
526 1423 630 1463 dans
650 1437 713 1464 ses
733 1426 956 1476 ministres,
978 1428 1082 1467 (1885
1101 1441 1165 1468 585
1185 1430 1328 1481 sujets,
1352 1433 1454 1472 (18115
1474 1446 1538 1474 585
1557 1438 1670 1477 8816-

102 1484 276 1535 111ουί85,
298 1485 402 1526 dans
421 1486 460 1527 18
480 1490 615 1540 temps
635 1489 685 1528 de
705 1502 749 1529 sa
787 1491 915 1531 duree
934 1493 1007 1544 qui
1045 1506 1088 1533 se
1109 1496 1338 1536 terminera
1376 1499 1400 1538 8
1432 1498 1473 1538 18
1510 1499 1571 1540 fin
1610 1501 1667 1543 du

100 1549 269 1590 monde.
287 1551 393 1591 C'est
412 1551 451 1592 le
470 1553 669 1605 Bapteme
683 1555 754 1605 qui
774 1567 878 1595 nous
897 1569 1091 1598 consacre
1107 1560 1132 1598 a
1150 1560 1443 1614 usus-Christ,
1466 1564 1539 1616 qui
1559 1578 1666 1608 nous

98 1614 204 1654 rend
222 1615 469 1656 semblables
489 1619 513 1656 a
532 1617 592 1657 lui
611 1633 620 1668 ;
646 1619 733 1671 qui,
760 1632 867 1660 nous
895 1622 1050 1662 faisant
1081 1624 1306 1677 8111811885,
1329 1640 1435 1668 nous
1456 1630 1546 1670 01111
1565 1643 1667 1673 avec

97 1677 173 1730 lui,
194 1691 300 1720 nous
320 1681 472 1722 faisant
502 1684 724 1736 participer
757 1690 781 1724 a
801 1698 876 1726 sou
909 1688 1126 1729 sacerdoce
1158 1691 1316 1743 royale‚
1352 1696 1489 1734 tontes
1520 1696 1667 1739 choses

99 1743 172 1796 qui
190 1743 283 1786 font
302 1747 439 1786 naitre
472 1759 524 1787 en
546 1761 651 1788 nous
667 1761 748 1789 une
781 1749 1018 1804 obligation
1050 1755 1300 1796 tres-etroite
1332 1763 1372 1798 et
1405 1759 1582 1813 exigent
1613 1762 1667 1804 de

99 1820 206 1849 nous
224 1819 307 1850 une
329 1812 539 1864 gratitude
560 1814 768 1866 supreme.

99 1909 1663 1939 Ἣ

100 1973 309 2021 baptismus
334 1975 470 2013 Christi
500 1987 579 2014 non
599 1984 763 2016 arctatur
790 1981 858 2017 Ju-

98 2021 181 2060 daea
200 2022 366 2068 regione,
387 2034 458 2061 nec
478 2035 544 2071 per
564 2037 727 2072 paucum
759 2032 859 2065 tem-

97 2069 201 2117 poris
220 2069 437 2108 duratsicut
458 2071 665 2119 baptismus
684 2076 858 2120 loannis,

99 2117 164 2155 sed
185 2117 226 2154 in
246 2118 462 2155 universum
491 2120 619 2158 orbem
641 2133 679 2158 se
699 2123 858 2169 prosun-

96 2163 168 2209 dit,
188 2175 394 2213 omnesque
414 2172 543 2213 gentes
562 2169 609 2205 ab
625 2170 857 2207 ablutionem

98 2215 136 2250 et
152 2212 491 2251 sanctificationem
523 2221 642 2254 vocat.
666 2218 709 2254 In
739 2218 859 2265 figura

99 2257 212 2307 hujus
248 2260 300 2298 rei
337 2271 400 2298 vas
436 2262 530 2299 illud
568 2273 716 2301 aeneum
750 2277 857 2313 mag—

95 2313 207 2352 num,
227 2308 326 2355 quod
346 2319 449 2346 mare
473 2310 667 2348 dicebatur
692 2324 857 2358 aeneum,

59 2374 65 2388 .
124 2359 177 2391 ‘1¹ae
211 2354 354 2392 foribus
390 2358 522 2404 templi
554 2363 632 2395 erat
670 2362 857 2397 constitu-

142 2411 194 2445 m,
212 2406 250 2439 et
268 2402 465 2441 duodecim
485 2405 597 2442 boves
623 2408 858 2445 sustinebant

84 2447 221 2493 »illum
258 2459 279 2487 e
315 2451 449 2496 quibus
495 2457 568 2490 tres
606 2456 857 2502 respiciebant

89 2494 305 2542 orientem,
323 2502 398 2535 tres
417 2499 627 2546 Meridiem,
649 2508 723 2539 tres
744 2503 856 2540 Occi—

100 2541 266 2588 dentem,
281 2547 354 2582 tres
372 2545 608 2594 Aquilonem.
632 2550 768 2588 Fontes
787 2552 856 2588 sci-

101 2587 191 2626 lieet
228 2599 352 2628 588105
384 2591 616 2640 baptismatis
651 2609 718 2635 vas
761 2599 856 2636 illud

102 2635 334 2684 designabat,
373 2641 459 2686 quia
495 2647 532 2680 81
569 2644 608 2680 111
646 2645 692 2682 ad
737 2645 855 2684 limen

99 2683 234 2730 templi
262 2690 467 2735 ponuntur,
487 2694 524 2727 et
553 2691 765 2739 Baptismus
791 2705 854 2731 os-

100 2729 199 2767 tium
228 2735 283 2769 est
312 2733 490 2773 Ecclesiae
525 2741 561 2774 et
590 2739 854 2779 Sacramento-

99 2782 201 2815 rum.
221 2779 335 2816 Boves
371 2786 495 2820 autem
514 2784 713 2824 duodecim
743 2789 856 2836 Apos-

95 2824 200 2862 -tolos
217 2825 295 2862 desi
350 2832 428 2872 ant,
449 2831 512 2877 qui
529 2832 673 2872 fortiter
698 2836 739 2873 in
769 2847 854 2874 area

99 2871 253 2910 Domini
271 2873 308 2910 la
335 2882 501 2924 orarunt,
532 2883 566 2916 et
593 2881 773 2929 Baptismi
792 2896 852 2922 sa-

100 2924 337 2958 cramentum
354 2921 509 2963 diversis
526 2928 742 2975 regionibus
767 2943 855 2980 gen-

97 2966 196 3004 tium
228 2967 468 3018 invexerunt,
502 2972 555 3011 ita
589 2978 631 3014 ut
666 2977 770 3016 brevi
811 2981 854 3018 in

899 1987 1060 2028 quatuor
1078 1984 1180 2022 orbis
1199 1991 1322 2033 partes
1340 1990 1544 2038 pertigerit.
1558 1994 1664 2034 Unde

898 2030 1067 2067 Ecclesia
1105 2032 1146 2069 in
1186 2033 1450 2075 benedictione
1500 2041 1664 2080 sontium

899 2079 999 2114 canit
1023 2090 1031 2115 :
1059 2093 1072 2111 «
1096 2081 1165 2123 Qui
1198 2084 1327 2128 gratiae
1366 2090 1440 2121 tuae
1471 2087 1663 2127 affluentis

899 2125 1042 2171 impetu
1064 2127 1232 2164 laetificas
1264 2131 1451 2169 civitatem
1472 2135 1553 2180 Dei,
1573 2137 1663 2174 fon-

899 2178 1049 2219 temque
1070 2174 1305 2222 baptismatis
1324 2183 1399 2216 toto
1419 2181 1510 2219 orbe
1539 2185 1663 2230 aperis

898 2221 1073 2266 gentibus
1093 2221 1335 2262 innovandis.
1361 2240 1375 2259 ι»

945 2269 998 2304 Ex
1020 2268 1079 2305 bis
1107 2270 1221 2316 igitur
1250 2274 1430 2311 omnibus
1462 2278 1663 2317 manifesta

898 2319 950 2351 est
990 2317 1191 2364 multiplex
1223 2321 1448 2359 excellentia
1482 2324 1662 2371 baptismi

896 2364 1030 2408 nostri,
1063 2365 1140 2402 sive
1178 2367 1374 2405 materiam
1419 2376 1455 2407 et
1500 2372 1662 2412 formam

897 2416 1056 2457 spectes,
1078 2413 1155 2450 sive
1174 2414 1351 2452 effectum
1382 2422 1418 2454 et
1450 2422 1663 2459 necessita-

896 2463 986 2512 tem,
1009 2460 1085 2496 sive
1106 2462 1300 2499 ministros
1327 2468 1374 2518 et·
1394 2467 1659 2515 suscipientes,

896 2516 972 2542 s1ve
1010 2518 1135 2544 sacras
1173 2520 1419 2548 caeremonias
1455 2514 1551 2562 ejus,
1581 2518 1661 2555 sive

896 2557 1044 2600 tempus
1064 2565 1137 2602 quo
1158 2557 1198 2593 in
1231 2557 1346 2595 tinem
1380 2570 1497 2607 usque
1528 2565 1661 2602 saeculi

894 2602 1125 2647 perdurabit.
1154 2605 1222 2641 Per
1240 2606 1350 2642 illum
1383 2607 1530 2646 Christo
1561 2621 1659 2650 con-

894 2659 1101 2695 secramur,
1134 2653 1429 2702 conformamur,
1461 2660 1498 2693 et
1527 2658 1658 2698 Chris-

894 2696 985 2734 tiani
1006 2698 1144 2743 effecti,
1165 2710 1252 2736 cum
1272 2701 1353 2747 ipso
1383 2703 1575 2752 ungimur,
1596 2719 1659 2746 re·-

893 2744 988 2790 galis
1008 2747 1207 2783 sacerdotii
1233 2747 1315 2793 ejus
1348 2756 1552 2798 consortes,
1575 2765 1659 2801 quae

893 2792 1023 2828 omnia
1059 2795 1267 2831 maximam
1286 2796 1326 2832 in
1357 2798 1469 2836 nobis
1503 2802 1660 2847 pariunt

892 2838 1182 2886 obligationem,
1215 2842 1469 2892 eximiamque
1500 2850 1659 2895 gratim·-

892 2886 1021 2924 dinem
1041 2889 1196 2935 exigunt
1209 2901 1231 2926 a
1250 2891 1374 2928 nobis.

1239 2984 1312 3000 —
