1858 3184
185 113 262 153 392

185 201 295 242 Dieu
324 211 350 239 a
379 198 506 239 voulu
537 210 619 251 que
649 198 754 238 Jean
786 198 911 249 parui
940 208 1048 248 pour
1078 195 1254 249 precher
1273 194 1314 234 la
1331 193 1568 246 penitence‚
1590 191 1676 233 afin
1695 191 1779 255 de.

186 276 387 318 marquer
405 275 504 310 avec
523 263 622 316 quel
641 263 763 303 ordre
784 262 890 302 Dieu
909 261 1073 314 dispose
1092 263 1228 301 tontes
1248 260 1393 300 choses
1423 262 1466 299 et
1491 270 1592 298 avec
1612 255 1762 310 quelle·

187 330 317 371 bonte
334 329 367 369 il
384 329 498 369 vient
518 331 542 368 a
561 330 684 368 notre
705 339 869 368 secours
901 326 1006 366 dans
1036 338 1112 366 nos
1141 325 1321 366 besoins.
1343 324 1404 365 En
1424 323 1537 371 effet,
1559 333 1655 362 sous
1687 332 1752 362 ees

604 120 652 150 La
681 118 885 150 lia-nomn
912 118 986 148 nas
1016 109 1334 148 Panaima-anas.

189 395 305 437 chefs
322 395 487 447 impies‚
509 394 623 434 chefs
643 406 697 433 au
718 391 911 445 spirituel
930 404 985 432 ou
1004 404 1059 431 au
1078 391 1283 444 temporel
1302 391 1494 430 couverts
1515 388 1566 428 de
1586 386 1765 436 crimes,-

187 460 220 502 il
237 460 341 501 etait
357 459 597 512 impossible
617 471 698 511 que
718 470 772 498 ne
790 459 1041 510 regnassent
1061 456 1176 509 point
1190 455 1389 508 l'impiete
1404 456 1446 494 et
1456 453 1495 493 le
1509 452 1637 492 crime
1650 451 1755 492 dans

187 530 283 567 tous
301 525 361 566 les
380 525 523 565 ordres
542 528 584 564 et
604 527 627 562 a
646 529 740 564 tous
759 523 819 563 les
839 522 1003 575 degres.
1029 537 1048 560 (ι
1069 521 1144 562 Tel
1164 520 1298 574 qu’est
1327 520 1365 560 le
1381 520 1487 571 juge
1507 518 1564 558 du
1583 515 1765 570 peuple,³

191 591 270 632 tels
288 594 384 631 sont
403 602 466 630 ses
487 589 724 638 ministres3
748 591 791 628 et
811 588 868 628 tel
887 588 1021 640 qu'est
1041 587 1079 627 le
1098 587 1242 639 priuce
1273 586 1325 627 de
1356 585 1398 625 la
1429 583 1540 632 ville,
1564 583 1643 623 tels
1662 582 1757 622 sont

189 656 302 697 aussi
322 656 380 696 ies
402 655 631 695 habitants.
653 652 802 706 (E'ccli.
823 663 864 702 x,
886 650 944 705 2.)
966 666 986 689 »
1759 677 1763 682 .

245 721 426 770 Qu'etait
445 720 594 760 Tibere
615 718 767 760 Cesar?
787 720 852 759 Un
874 717 1099 757 adorateur
1118 715 1289 756 d'idoles
1308 719 1350 756 et
1369 715 1420 755 de
1440 714 1628 762 demonS,
1650 714 1707 761 et,
1723 709 1758 751 si

191 799 298 838 nous
316 798 370 826 en
390 796 568 836 croyons
587 783 647 824 les
666 783 888 823 historiens
907 781 979 834 qui
998 780 1163 834 parlent
1177 781 1227 821 de
1246 780 1321 830 lui,
1339 781 1523 821 Suetone
1538 781 1579 819 et
1597 776 1755 825 Tacite,

192 864 249 891 un
269 851 438 891 homme
460 850 574 890 cruel
593 851 635 890 et
652 848 844 888 barbare.

247 914 611 964 Qu'etaitPilate‘?
630 915 697 955 Un
713 913 826 967 juge,
841 912 914 965 qui
933 911 1105 952 vendait
1136 923 1200 951 ses
1228 913 1456 961 sentences,
1479 908 1552 962 qui
1577 905 1760 959 exercait

192 982 265 1022 des
283 980 453 1033 rapines
485 983 526 1019 et
556 980 611 1022 de
639 979 872 1018 nombreux
904 989 1107 1029 carnages
1139 976 1414 1024 d’innoeents,
1437 974 1512 1027 qui
1544 984 1644 1013 avec
1679 982 1761 1011 une

192 1050 332 1086 atroce
352 1047 524 1084 cruaute
543 1044 636 1084 leur
648 1043 858 1095 infligeait
871 1042 1089 1094 d‘injustes
1109 1041 1562 1090 traitements,c0mme
1582 1037 1781 1078 l’atteste

192 1110 358 1151 Philon.
380 1109 500 1150 Exite
521 1111 545 1148 a
565 1109 687 1148 cause
707 1108 758 1148 de
778 1119 842 1148 ses
861 1107 1025 1156 crimes,
1047 1107 1078 1146 il
1098 1119 1140 1147 se
1159 1110 1233 1146 tua
1254 1106 1304 1146 de
1325 1118 1389 1146 ses
1421 1115 1594 1158 propres
1627 1101 1764 1142 mains

195 1178 221 1217 ὲ
240 1175 403 1216 Vienne
422 1175 525 1215 dans
546 1174 604 1214 les
626 1173 790 1222 Gaules,
813 1172 1045 1213 cherchant
1073 1171 1112 1211 la
1147 1171 1207 1211 fin
1240 1171 1291 1210 de
1327 1183 1389 1211 ses
1409 1181 1538 1209 maux
1557 1168 1662 1208 dans
1681 1177 1766 1207 une

197 1243 308 1281 mort
328 1243 539 1293 prompte.
1071 1232 1080 1242 ‘

252 1305 434 1354 Qu’etait
451 1303 643 1345 Herode?
662 1305 728 1345 Un
749 1302 952 1351 adultere,
974 1314 1034 1342 un
1053 1301 1310 1350 incestueuX,
1332 1313 1387 1340 un
1411 1300 1581 1352 injuste,
1605 1296 1679 1351 qui
1699 1295 1770 1336 de-'

198 1371 333 1412 tenait
349 1370 672 1423 sacrilegement
690 1369 730 1408 la
749 1369 905 1408 femme
925 1367 976 1408 de
997 1379 1071 1407 son
1090 1367 1198 1407 frere
1217 1366 1426 1419 Philippe.

254 1435 435 1484 Qu'etait
454 1435 606 1476 Anne?
627 1434 809 1482 Qu'etait
827 1432 1012 1486 Caiphe?
1032 1433 1086 1473 115
1105 1432 1263 1473 etaient
1293 1432 1391 1472 bien
1424 1431 1483 1471 les
1514 1428 1629 1470 chefs
1658 1426 1771 1468 dela

202 1500 463 1553 Republique
495 1512 549 1539 au
581 1499 788 1552 spirituel,
810 1499 930 1546 mais,
953 1498 1282 1538 contrairement
1315 1499 1340 1536 a
1372 1499 1489 1536 toute
1515 1494 1684 1547 justice,
1717 1492 1768 1532 ils

201 1566 370 1607 avaient
391 1565 537 1605 achete
560 1566 584 1603 a
603 1564 698 1616 prix
717 1563 913 1616 d'argent
945 1566 986 1602 et
1017 1574 1116 1602 avec
1147 1562 1219 1602 des
1249 1563 1439 1614 presents
1467 1560 1508 1601 la
1529 1558 1693 1611 dignita
1713 1556 1770 1596 du

202 1631 395 1684 supreme
406 1629 638 1683 pontificat,
649 1631 689 1668 et
702 1628 1027 1668 contrairement
1038 1639 1121 1667 aux
1135 1626 1212 1666 lois
1229 1625 1282 1666 ils
1295 1624 1634 1666 administraient
1649 1621 1772 1663 alter-

203 1697 466 1738 nativement
486 1707 569 1735 une
587 1696 722 1734 annee
742 1694 902 1733 chacun
936 1693 976 1732 la
995 1692 1148 1745 charge
1179 1691 1230 1732 de
1265 1690 1581 1743 grand-pretre,
1602 1697 1767 1729 comme

204 1761 413 1815 plusieurs
432 1759 469 1800 le
490 1759 661 1809 croient,
683 1772 737 1799 ou
768 1758 882 1808 bien,
900 1758 1063 1798 roulant
1094 1769 1179 1797 aux
1208 1756 1324 1810 pieds
1358 1760 1493 1796 tontes
1524 1755 1583 1795 les
1604 1753 1696 1801 lois,
1719 1752 1771 1792 ils

205 1826 445 1878 exercaient
464 1829 556 1865 tous
575 1825 686 1865 deux
706 1836 757 1864 en
779 1824 916 1864 meme
936 1827 1070 1876 temps
1099 1822 1138 1862 le
1158 1821 1392 1870 sacerdoce‚
1409 1831 1572 1860 comme
1592 1818 1775 1859 d'autres

205 1891 441 1932 l’assurent.
997 1880 1003 1889 ⁵
1519 1892 1521 1895 ·

206 1972 1776 1991 ——.—-——-———-——

210 2027 423 2075 specialiter
437 2037 510 2073 quo
531 2031 699 2072 tempore
719 2030 754 2062 ct
773 2023 989 2072 anno‚sub'
1009 2024 1127 2061 Judcx
1138 2024 1334 2060 venditans
1345 2022 1567 2066 sententias,
1592 2028 1774 2057 exercens

212 2075 350 2122 quibus
378 2074 538 2120 Regibus
563 2079 599 2110 et
628 2072 881 2120 Principibus,
903 2071 971 2109 sub
1011 2071 1173 2118 rapinas,
1209 2075 1244 2107 ct
1283 2070 1433 2107 crebras
1465 2068 1587 2106 caedes
1623 2067 1776 2104 indem-

239 2123 349 2159 uibus
396 2121 638 2169 pontiticibus
681 2122 776 2157 Deus
816 2119 972 2157 volucrit
1012 2122 1200 2163 natorum,
1241 2122 1276 2154 ct
1314 2117 1534 2155 crudelitate
1571 2114 1777 2152 saevissima
1825 2122 1834 2128 ·

233 2180 397 2207 oannem
428 2169 577 2216 prodire
595 2169 639 2205 ad
668 2168 973 2215 praedicationem

212 2217 471 2266 poenitcntioe;
501 2221 539 2252 ut
577 2217 607 2252 si
637 2216 764 2253 niticet
784 2226 898 2263 quam
919 2226 975 2252 or-

211 2266 339 2303 dinate
357 2265 453 2301 Deus
467 2264 597 2300 omnia
609 2227 795 2310 disponat.
813 2268 848 2299 et
863 2273 974 2310 quam

215 2313 380 2358 benigna
446 2311 608 2347 revideat
653 2311 692 2347 in
738 2310 974 2347 necessariis.

216 2361 410 2407 Nempesu
429 2358 589 2395 »talibus
604 2357 823 2395 {tectoribus
834 2358 975 2404 impiis,

217 2406 451 2451 Rectoribus,
473 2407 642 2452 inquam,
664 2410 737 2441 tam
761 2415 883 2441 rerum
906 2405 977 2451 spi-

217 2455 424 2498 ritualium,
445 2464 556 2500 quam
585 2452 849 2499 temporalium
878 2452 978 2498 nagi-

217 2503 334 2547 tionis,
375 2512 452 2539 non
491 2505 662 2548 poterant
702 2510 778 2537 non
823 2509 979 2554 regnare

216 2550 429 2597 impietates
466 2554 501 2585 ct
541 2551 584 2585 na
615 2547 677 2584 itia
709 2547 748 2584 in
780 2557 884 2584 omni
924 2557 978 2583 01·-

215 2598 306 2635 dine
326 2602 361 2633 at
382 2597 496 2641 gradu
514 2606 521 2633 :
543 2608 556 2626 ι
579 2594 793 2633 Secundum
807 2594 976 2631 Judicom

244 2645 363 2692 oputi,
396 2645 450 2681 sic
482 2648 518 2679 et
550 2642 714 2681 ministri
746 2642 852 2697 ejusg
900 2641 977 2678 uasi

250 2696 351 2730 ector
387 2690 578 2734 Civitatis,
616 2689 709 2728 tates
770 2688 979 2726 inhabtan·

219 2744 275 2776 tes
296 2740 335 2776 in
366 2750 421 2776 ea.
450 2753 462 2771 n
500 2738 591 2783 Quis
621 2736 795 2775 Tiberius
828 2737 981 2773 Coesar?

221 2787 410 2824 {doiorum
432 2791 468 2822 et
487 2786 704 2823 dmmonum
726 2783 872 2829 eunom
893 2787 929 2821 et
948 2782 980 2819 st

222 2834 417 2871 ”istoricis
436 2834 481 2870 de
502 2845 546 2870 eo
572 2831 823 2870 scribentibus
855 2830 978 2869 cradi-

1013 2166 1138 2204 ciades
1159 2166 1326 2202 inserens
1347 2169 1383 2201 et
1402 2163 1576 2211 injurias,
1597 2167 1635 2199 ut
1658 2165 1772 2199 testa-

1014 2218 1072 2251 tur
1113 2213 1233 2250 Philo.
1269 2213 1336 2249 iiic
1373 2212 1414 2248 in
1451 2211 1607 2248 exilium
1648 2213 1778 2256 postea

1015 2261 1151 2299 missus
1180 2259 1228 2297 ob
1267 2259 1420 2305 flagitia,
1452 2258 1551 2305 apud
1589 2257 1776 2294 Viennam

1015 2309 1146 2346 Gattiae
1166 2317 1279 2345 manu
1302 2307 1452 2353 propria
1472 2317 1511 2342 sc
1537 2304 1776 2342 transverbe-

1017 2367 1116 2400 rans,
1141 2355 1325 2392 matorum
1347 2353 1615 2400 compendium
1645 2351 1778 2389 mortis

1016 2403 1207 2442 celeritate
1238 2401 1421 2485 qumsivit.
1457 2401 1547 2445 Quis
1582 2399 1778 2437 Herodes?

1019 2452 1136 2489 iiomo
1179 2450 1249 2487 adu
1270 2453 1338 2492 ter,
1373 2449 1623 2493 incestuosus,
1654 2447 1778 2494 injus-

1017 2503 1090 2542 tus.
1111 2497 1174 2546 qui
1196 2496 1317 2534 fratris
1337 2496 1392 2532 sui
1423 2495 1584 2543 Philippi
1619 2503 1778 2533 uxorem

1016 2544 1207 2583 detinebat
1240 2543 1366 2591 impie.
1403 2544 1493 2587 Quis
1525 2544 1663 2580 Anna?
1686 2541 1783 2587 Quis*

1017 2593 1176 2640 Caipbas
1194 2593 1208 2629 Ρ
1228 2590 1456 2638 Reipublicae
1471 2591 1507 2627 bi
1530 2591 1681 2638 quidem
1703 2589 1778 2627 Mo-

1017 2641 1205 2678 ‹ieratorcs
1219 2639 1257 2676 in
1273 2638 1545 2686 spiritualibus,
1561 2638 1625 2675 scd
1645 2641 1779 2676 contra

1017 2698 1131 2726 onina
1151 2687 1206 2723 sus
1224 2686 1425 2724 sacordotii
1446 2686 1591 2723 Summi
1619 2684 1779 2732 dignita·

1018 2739 1092 2772 tcm
1107 2739 1277 2771 amarant
1311 2733 1469 2789 pecunia
1490 2738 1524 2770 et
1540 2732 1776 2779 muneribus,
1797 2759 1800 2762 ⁴

1018 2787 1053 2820 ot.
1072 2785 1201 2819 contra
1221 2785 1365 2818 ¹*sancita
1385 2781 1523 2818 divinia
1544 2781 1637 2827 togis
1661 2780 1778 2818 aiter-

1020 2829 1079 2868 nis
1098 2829 1211 2867 annis
1230 2828 1433 2866 sacerdotii
1465 2828 1610 2866 Summi
1637 2831 1797 2865 munus‘

221 2880 764 2926 naun,Suetonioet'sacito,vir
774 2877 982 2916 t'uitorude·
1017 2876 1343 2921 administrabant,
1362 2880 1400 2912 ut
1416 2876 1525 2913 mutii
1546 2874 1777 2919 existimant,

220 2927 269 2963 Ιίκ
300 2933 336 2964 nt
365 2928 535 2965 immitis.
571 2928 661 2974 Quis
695 2938 780 2965 vcro
814 2926 983 2964 Pilatus?
1019 2923 1074 2963 vet
1097 2922 1330 2963 conculcatis
1350 2923 1528 2961 omnibus
1550 2922 1708 2971 tegibus.
1731 2921 1798 2959 sis
