1858 3184
777 183 804 211 υ
831 180 960 214 mxx
985 179 1118 211 sassa.
1659 168 1735 213 149

160 261 314 312 christ,
335 265 380 302 et
396 261 513 302 ainsi
524 271 618 301 sera
635 257 864 311 accomplie
883 260 994 299 cette
1011 257 1157 311 parole
1175 255 1456 310 prophetique
1479 267 1489 295 :
1510 269 1532 294 ι
1549 257 1607 296 Le
1625 266 1736 297 νοω

159 328 259 369 etle
278 328 380 377 lion,
402 327 599 379 l'agneau
631 326 674 365 et
703 323 743 364 16
775 324 894 376 16116,
914 322 1044 364 l’ours
1075 325 1118 363 et
1148 322 1192 362 la
1221 321 1362 362 brebis
1392 320 1505 360 iront
1533 320 1641 361 dans
1672 321 1735 362 les

158 393 319 434 memes
337 393 580 446 6611116365,
601 391 645 430 61
663 401 723 429 un
741 388 850 442 petit
868 388 1019 429 enfant
1042 387 1104 428 les
1122 386 1340 428 conduira.
1361 384 1636 439 (Isaie..x1.)»
1657 387 1735 427 Les

158 458 274 507 Rois,
295 456 494 510 superhes
514 466 676 495 comme
702 454 775 494 des
805 453 927 503 lions,
948 465 1119 494 voraces
1139 464 1303 493 comme
1336 453 1409 492 des
1440 451 1574 504 16665,
1597 452 1735 491 cruels

156 534 321 564 comme
342 521 414 562 des
435 532 548 571 oure,
565 519 919 560 abandonnerout
939 519 1033 559 leur
1052 518 1229 572 superbe
1249 522 1292 558 et
1311 517 1404 557 leur
1424 516 1546 565 fuste,
1562 527 1736 556 conver-

157 591 300 628 seront
318 585 649 638 pacifiquement
665 596 766 624 avec
784 584 842 624 les
861 588 1003 625 autres
1022 584 1235 624 chretiens
1259 582 1453 623 humbles
1473 584 1516 623 et
1534 592 1731 634 pauvres,

155 652 456 705 participarunt
475 662 561 690 aux
587 650 746 690 memes
774 653 1042 699 sacrements,
1066 661 1151 690 aux
1180 650 1341 690 memes
1371 649 1601 701 paturages
1619 646 1734 688 (1616

154 717 289 758 sainte
308 715 513 765 doctrine,
537 717 561 754 a
590 715 632 755 la
663 715 800 755 meme
832 715 1075 755 nourriture
1106 713 1355 767 56111166116,
1377 725 1474 752 sous
1503 725 1564 752 un
1594 712 1732 753 meme

155 781 283 835 guido
302 780 476 821 humble
495 783 538 820 et
556 780 670 820 doux
689 792 852 820 comme
872 793 931 820 un
952 780 1060 833 petit
1089 780 1251 827 enfant,
1273 778 1347 831 qui
1376 778 1435 818 les
1465 777 1670 818 conduira
1687 779 1732 818 et

152 846 214 887 les
232 846 418 898 dirigere
435 846 541 885 dans
561 845 621 886 les
640 846 884 898 paturages.
905 846 966 887 En
998 846 1112 896 effet,
1135 846 1195 886 les
1213 846 1382 897 apotres
1402 849 1477 883 ont
1497 842 1685 883 converti
1705 843 1732 882 a

151 910 196 952 la
211 911 271 952 foi
289 912 346 952 du
366 911 507 952 Christ
531 912 590 952 les
623 912 722 952 Rois
741 915 783 952 et
804 912 863 951 les
883 911 1052 952 Princes
1072 910 1274 951 idolatres
1293 922 1370 963 par
1390 910 1483 950 leur
1514 907 1727 959 humilite,

150 976 244 1018 leur
260 977 454 1030 patience
473 981 514 1017 et
534 976 627 1017 leur
645 977 845 1017 douceur.

202 1042 397 1096 L'apotre
416 1042 526 1082 saint
545 1042 994 1094 Barthelemy‚s'etant
1013 1042 1147 1082 rendu
1169 1053 1221 1081 en
1241 1040 1457 1090 Armenio,
1472 1052 1500 1092 y
1519 1040 1730 1080 convertit

149 1108 176 1148 6
193 1106 235 1148 16
255 1107 314 1148 foi
332 1107 384 1148 de
402 1107 684 1149 lesus-Christ
703 1106 742 1147 16
761 1107 825 1147 161
845 1107 1061 1159 Polymius
1080 1110 1123 1147 et
1141 1107 1273 1147 douze
1292 1106 1428 1146 vitles.

204 1172 325 1214 Saint
345 1173 565 1223 Matthieu,
588 1175 720 1225 ayant
751 1175 870 1225 passe
889 1172 1171 1226 en.Ethiopie‚
1193 1185 1222 1224 y
1242 1174 1360 1223 166111
1391 1171 1566 1211 d'abord
1599 1170 1727 1211 l'hos-

147 1237 312 1291 pitelite
333 1237 433 1278 chez
454 1238 682 1290 l'eunuque
705 1238 754 1277 de
782 1238 821 1278 la
841 1238 957 1278 reine
989 1238 1041 1278 de
1061 1238 1251 1278 Candace
1284 1249 1366 1290 que
1399 1236 1592 1289 Philippe
1611 1236 1727 1277 avait

147 1302 322 1356 11661156,
346 1303 441 1356 puis
460 1303 491 1344 il
510 1303 719 1344 convertit
738 1305 763 1343 a
788 1303 830 1343 la
860 1304 975 1343 vraie
996 1304 1054 1343 foi
1075 1303 1114 1343 16
1136 1303 1228 1354 Roi,
1250 1303 1291 1342 la
1321 1302 1454 1342 Reine
1474 1306 1516 1342 et
1536 1304 1652 1342 toute
1685 1301 1726 1342 la

148 1367 326 1409 famille.

201 1433 323 1474 Saint
348 1433 491 1474 Pierre
522 1436 566 1474 et
597 1434 710 1474 saint
735 1434 839 1473 Paul
867 1436 1127 1486 appararent
1159 1446 1211 1473 en
1250 1445 1383 1485 songe
1416 1436 1441 1473 a
1473 1432 1727 1479 l'emnereur

146 1499 393 1539 Constantin
416 1498 489 1551 qui
509 1498 704 1550 songeait
723 1500 747 1537 a
768 1499 949 1551 prendre
969 1511 1026 1538 un
1053 1498 1151 1538 bain
1173 1499 1278 1538 (1665
1310 1499 1366 1538 du
1398 1510 1507 1549 sang
1526 1498 1577 1538 de
1597 1497 1725 1550 petits

145 1562 310 1604 enfants
330 1575 438 1616 pour
459 1563 604 1616 guerir
622 1576 668 1603 sa
688 1563 817 1616 lepre.
839 1563 893 1604 lls
914 1563 972 1603 lui
992 1563 1294 1614 ordonnerent‚
1314 1564 1378 1603 s'il
1399 1562 1558 1603 voulait
1580 1561 1725 1615 guerit

144 1627 196 1668 de
217 1631 324 1669 cette
345 1628 540 1677 maledie,
558 1629 608 1668 de
627 1641 831 1669 reuoncer
850 1631 875 1669 a
894 1641 939 1669 66
960 1629 1057 1668 bain
1074 1629 1203 1681 impie
1224 1633 1266 1669 et
1284 1628 1399 1668 cruel
1418 1628 1524 1668 etde
1545 1628 1724 1669 mandor

144 1693 354 1747 Sylvestre
387 1694 458 1746 qui
490 1706 533 1734 se
565 1694 729 1735 cachait
748 1707 820 1734 sur
840 1695 879 1735 16
900 1699 1020 1735 mont
1052 1696 1240 1735 Soracte.
1262 1694 1440 1734 Celui-ci
1472 1694 1511 1733 16
1544 1693 1725 1733 laverait

145 1758 251 1801 dans
271 1771 328 1799 un
348 1759 448 1798 bain
463 1759 680 1808 salutaire,
695 1760 790 1812 puis
810 1760 837 1799 il
858 1759 1023 1799 devrait
1042 1759 1188 1799 edifier
1202 1759 1274 1801 des
1293 1759 1445 1811 eglises
1459 1759 1724 1799 ehretiennes

144 1823 247 1864 dans
265 1828 382 1865 toute
404 1825 616 1866 l'etendue
642 1826 693 1865 (16
726 1825 916 1878 1’61116116
945 1825 1127 1874 romain,
1151 1837 1366 1866 renverser
1397 1825 1457 1865 les
1486 1824 1619 1864 idoles
1649 1824 1724 1864 des

145 1888 248 1929 faux
279 1889 420 1938 dieux‚
454 1890 548 1942 puis
578 1891 729 1931 rendre
761 1891 801 1930 16
834 1891 922 1930 vrai
957 1890 1067 1930 culte
1099 1902 1153 1930 au
1185 1891 1274 1930 vrai
1307 1891 1428 1930 Dieu.
1452 1890 1721 1939 Constantia,

143 1953 355 1995 obeissant
391 1967 475 1994 aux
512 1956 656 1995 ordres
694 1955 751 1996 du
788 1955 881 2004 ciel,
911 1956 987 1996 fait
1024 1955 1226 1996 6116161161
1264 1968 1318 1995 eu
1357 1957 1473 1995 toute
1511 1955 1723 2008 (11Ιί36666

948 2129 995 2165 ab
1016 2128 1202 2165 Eunucho
1223 2128 1406 2164 Candacis
1428 2127 1579 2172 Reginae
1608 2116 1723 2173 quem

141 2129 235 2171 ursi,
255 2127 411 2164 dimissa
432 2128 607 2175 superbia
626 2134 661 2166 et
688 2130 799 2172 fastu,
821 2140 908 2166 cum

949 2177 1152 2222 baptisarat
1179 2176 1390 2223 Philippus,
1411 2186 1455 2211 ac
1484 2179 1614 2221 postea
1646 2174 1723 2211 Re-

140 2175 370 2221 pauperibus
388 2176 474 2212 aliis
494 2181 530 2213 et
553 2177 761 2214 humilibus
776 2177 907 2214 Chris-

140 2222 254 2259 tianis
275 2223 432 2269 pacitice
464 2224 788 2262 conversabuntur
810 2236 819 2261 :
841 2236 907 2263 66-

139 2270 314 2307 rumdem
333 2271 676 2317 Sacramentorum,
702 2273 742 2309 in
775 2273 909 2309 iisdem

141 2316 324 2354 doetrinae
371 2329 486 2355 sacrae
536 2321 701 2366 pascuis,
740 2320 909 2366 ejusdem

142 2374 239 2402 escae
258 2365 465 2412 spiritualis
478 2367 679 2414 participes
699 2373 822 2412 erunt,
840 2368 910 2404 sub

140 2412 274 2450 eodem
305 2413 459 2450 ductore
487 2414 622 2451 humili
644 2420 680 2452 et
711 2421 909 2452 mansueto

139 2459 274 2506 (instar
292 2461 397 2507 pueri
421 2462 580 2507 parvuli)
601 2474 665 2499 eos
697 2463 742 2499 ad
772 2474 909 2509 pascua

141 2507 312 2544 minante
333 2513 368 2544 et.
387 2509 585 2554 dirigente.
611 2510 754 2557 Nempe
787 2512 907 2557 Apos-

139 2554 208 2591 toli
243 2556 290 2592 ad
329 2556 443 2593 fidem
483 2557 620 2595 Christi
670 2559 911 2596 deduxerunt

141 2601 261 2656 Reges
283 2607 319 2640 et
352 2604 547 2650 Principes
580 2606 811 2650 idololatras,
836 2607 909 2643 bu-

140 2648 314 2695 militate,
334 2652 530 2697 patientia,
551 2657 586 2689 et
619 2654 911 2691 mansuetudine

142 2705 224 2733 sua.

188 2742 223 2779 S.
235 2742 532 2797 partholomaeus
552 2747 767 2793 Apostolus,
784 2748 824 2784 in
845 2749 912 2784 Ar-

141 2799 309 2827 meniam
330 2803 562 2839 progressus,
586 2795 799 2841 Polymium
835 2796 909 2832 Re-

141 2847 228 2920 ¹‘lem
247 2841 284 2874 et
299 2838 501 2878 duodecim
521 2843 690 2880 civitates
710 2843 756 2879 ad
771 2843 911 2880 Christi

170 2885 258 2921 dem
277 2886 455 2924 traduxit.

163 2978 172 2987 ,
189 2932 224 2969 S.
247 2932 459 2980 Matthaeus,
479 2935 522 2972 in
537 2936 779 2983 AEthyopiam
800 2941 909 2974 tran-

141 2988 261 3026 siens,
278 2979 441 3027 hospitio
459 2983 626 3029 primum
646 2989 827 3032 exceptus
839 2985 912 3022 tuit

948 2235 1033 2271 gem
1089 2224 1284 2270 Reginam,
1319 2233 1407 2259 cum
1458 2227 1533 2258 tota
1578 2222 1724 2260 familia

949 2273 1050 2316 regia
1071 2272 1257 2308 convertit
1275 2271 1320 2307 ad
1344 2270 1481 2307 Christi
1501 2269 1660 2306 cultum.

996 2320 1057 2355 SS.
1082 2319 1212 2356 Petrus
1231 2325 1266 2354 ct
1288 2318 1426 2355 Paulus
1446 2319 1485 2354 in
1507 2318 1633 2363 quiete
1651 2328 1724 2365 ap·-

950 2378 1106 2413 paruere
1127 2367 1376 2403 Constantino
1400 2365 1636 2412 lmperatori,
1657 2364 1725 2412 qui

950 2415 1064 2460 leprae
1085 2414 1263 2451 curanda».
1284 2424 1396 2450 cansa
1418 2414 1490 2448 sibi
1523 2424 1567 2447 ex
1590 2412 1723 2450 infan-

950 2463 1044 2499 tium
1057 2462 1242 2508 sanguine
1256 2462 1434 2498 balneum
1451 2459 1722 2505 meditabatur;

951 2515 1284 2556 praeoeperuntque
1317 2510 1366 2552 ei,
1400 2514 1437 2543 ut
1477 2508 1508 2543 si
1542 2518 1588 2544 ex
1618 2507 1725 2557 lepra

949 2557 1074 2594 curari
1116 2557 1242 2599 vellet,
1276 2557 1416 2592 omissa
1454 2556 1563 2602 impii
1596 2555 1725 2593 balnei

950 2605 1188 2642 immanitate
1220 2605 1452 2649 sylvestrum
1497 2602 1536 2639 in
1569 2603 1723 2640 Soracte

950 2653 1077 2690 Monte
1109 2653 1319 2689 latitantem
1352 2655 1584 2695 accercere13
1605 2662 1627 2687 a
1647 2661 1723 2698 quo

950 2700 1103 2737 salutari
1144 2700 1292 2736 lavacro
1326 2702 1516 2735 recreatus
1546 2698 1585 2735 in
1615 2698 1723 2735 omni

949 2749 1094 2784 ditione
1109 2747 1266 2784 Romani
1280 2746 1432 2792 imperii
1447 2746 1587 2792 templa
1598 2746 1724 2783 Chris-

950 2797 1052 2832 tiano
1074 2805 1177 2831 more
1204 2794 1383 2830 aediticari
1415 2794 1632 2840 imperaret,
1654 2803 1724 2830 su-

951 2843 1135 2888 blatisque
1155 2841 1331 2877 inanium
1363 2841 1525 2877 Deorum
1558 2840 1722 2878 simuta-

950 2890 1039 2933 6115,
1079 2899 1211 2926 verum
1250 2899 1336 2925 vero
1382 2888 1459 2925 Deo
1506 2888 1653 2925 cultum
1670 2888 1725 2926 ad>

952 2937 1111 2973 biberet.
1139 2935 1411 2973 Constantinus
1449 2936 1564 2982 igitur
1591 2935 1723 2973 661165-

950 2984 1052 3021 tibus
1070 2984 1228 3021 monitis
1258 2983 1540 3030 obtemperans,
1568 2983 1722 3029 sylves-
