1858 3184
572 147 726 179 senon-1>
755 148 965 181 »macne
994 148 1045 178 »Β
1074 137 1263 180 ιἈνεκτ.

1621 143 1699 189 2815

135 226 242 270 dont
258 227 301 269 la
315 227 459 273 fumeae
483 229 551 270 est
576 226 616 271 ia
643 229 822 270 eruam&
840 226 991 275 feroce,
1014 227 1119 269 dont
1136 227 1179 269 ia
1195 227 1352 267 cendi-e
1383 231 1448 269 est
1476 228 1697 281 l'infamie,

133 291 242 333 dont
259 291 303 333 la
320 291 379 337 fin
390 293 461 334 -eet
475 290 519 335 ic
532 289 752 341 gehennei
775 291 887 332 Pour
905 290 1102 344 indiquer
1120 291 1163 332 le
1181 293 1354 333 cruente
1373 291 1472 332 d’un
1493 306 1607 334 coeur
1625 295 1702 338 im·

136 356 339 409 midique,
359 350 391 399 'it
408 368 435 398 a
452 358 519 401 eto?
535 355 600 398 dit
630 356 656 397 ὲ
683 355 844 405 Achab,
865 367 989 408 parce
1009 356 1115 408 qu’il
1143 357 1275 407 avait,
1296 369 1393 400 sous
1422 357 1701 410 l'inspiration

133 421 189 464 ‚de
208 433 253 461 sa
273 422 442 470 femme,
463 422 535 462 tue
555 420 734 469 Naboth‚
757 420 841 462 afin
872 421 923 461 de
956 421 1184 474 s'emparer
1203 422 1256 462 de
1284 434 1331 463 sa
1352 422 1478 473 vigne
1502 436 1511 462 :
1533 437 1552 460 ι(
1572 425 1635 465 En
1655 437 1701 466 ce

134 486 274 530 meme
292 486 375 531 lieu
395 487 451 529 ou
464 484 528 525 les
545 485 691 527 chiens
713 488 791 525 ont
821 485 939 527 leche
956 486 998 526 le
1015 498 1123 538 sang
1143 486 1194 526 de
1214 486 1394 535 Naboth,
1416 487 1466 527 ils
1485 487 1702 530 lecheront

135 550 250 596 aussi
266 552 383 593 votae
399 560 522 601 san&
543 553 588 592 et
615 549 675 593 les
703 550 881 595 femmas
899 550 950 593 de
970 551 1184 592 mauvaise
1204 552 1270 593 vie
1300 564 1343 592 se
1375 553 1573 595 leveront
1598 553 1701 596 dam

134 618 253 657 votre
271 626 392 666 sang.
417 614 471 667 (3⁶
493 613 564 655 liv.
585 614 650 657 des
666 614 777 665 Rois,
800 615 907 668 xxl.)
921 630 940 654 n
965 616 1180 668 Pourquoi
1206 628 1273 657 ces
1306 617 1481 658 semines
1510 611 1563 659 se‘
1584 618 1700 661 leve»

133 678 355 720 runt-elles
374 679 478 719 dans
499 691 545 720 ce
565 679 702 731 sang?
716 681 845 720 Parce
859 693 942 732 que
959 680 1297 733 l'eponvantable
1311 682 1502 734 exemple
1516 682 1701 726 &Achab

133 743 245 787 etde
261 743 430 786 ,lezabel
459 743 667 787 semblent
700 745 792 788 leur
819 745 1044 797 enseigner
1063 745 1105 786 la
1124 748 1299 786 cruaute
1319 751 1465 786 contre
1491 758 1599 786 ceux
1627 747 1701 800 qui

132 807 370 860 a’opposent
389 810 415 849 ὲ
431 808 526 851 leur
549 809 732 861 passion,
755 821 919 851 comme
939 810 1084 852 Achab
1104 812 1147 851 et
1163 810 1333 852 Jezabel
1351 811 1536 852 sevirent
1565 813 1701 854 cruet·

126 873 289 919 tament
307 878 450 919 contre
470 874 582 917 celui
602 875 675 927 qui
704 874 841 916 s'etait
872 878 1026 928 opnose
1045 876 1071 917 ὁ.
1087 875 1181 916 leur
1200 876 1535 928 concupiscence,
1557 877 1700 929 quand

130 937 182 978 ils
200 938 424 979 voulurent
443 940 654 980 convertit
680 939 723 980 la
742 939 871 991 vigne
906 940 1090 983 d'autrui
1122 953 1175 980 en
1204 940 1344 993 Jerdiu
1364 946 1556 993 potager.
1578 941 1703 984 Aussi

129 1002 240 1045 seint
269 1003 487 1045 Ambroise
517 1003 603 1057 (Ιίυ.
637 1004 685 1045 de
715 1004 891 1054 Naboth,
925 1005 993 1047 cb.
1015 1006 1075 1058 xl)
1105 1006 1326 1049 §ebriet-il
1348 1020 1358 1046 :
1380 1020 1399 1044 «
1421 1008 1454 1047 O
1474 1007 1701 1059 sanglante

129 1066 308 1113 luxurel
331 1068 365 1109 Il
386 1069 451 1110 fut
471 1069 699 1114 luxurieux
712 1082 766 1111 eu
786 1070 907 1123 point
924 1070 976 1114 de
996 1070 1154 1111 desii-er
1177 1083 1231 1111 un
1250 1070 1437 1123 legume,
1453 1070 1484 1111 il
1504 1071 1567 1112 fut
1586 1071 1702 1114 cruel

131 1143 187 1179 eu
223 1132 341 1186 point
371 1134 424 1176 de
453 1139 700 1178 commettre
733 1147 791 1178 un
822 1135 1032 1179 homicide
1062 1148 1168 1188 pour
1199 1148 1246 1175 ce
1276 1136 1497 1187 legume.»
1522 1137 1611 1183 Que
1641 1128 1703 1179 l'es

133 1198 394 1241 courtisanes
426 1211 468 1240 se
498 1201 636 1241 lavent
654 1200 762 1240 donc
781 1200 884 1241 dans
909 1212 985 1241 son
1004 1212 1109 1252 sang
1128 1213 1234 1252 pour
1253 1212 1452 1253 merquer
1483 1213 1564 1254 que
1595 1204 1704 1245 cette

132 1262 306 1315 perfidie
325 1264 468 1316 royale
487 1265 697 1306 renferme
716 1265 758 1306 la
777 1266 949 1306 cruente
969 1264 1094 1305 d'nne
1116 1265 1373 1306 debauchee.

186 1328 430 1372 Entendant
447 1331 468 1372 J
474 1342 566 1380 ean,
587 1330 740 1372 beraut
758 1330 809 1370 dc
828 1331 869 1371 la
888 1330 1036 1381 verite,
1059 1331 1165 1370 dans
1179 1331 1239 1372 les
1258 1331 1356 1380 fers,
1377 1342 1703 1375 souvenez·vous

134 1404 217 1445 que
245 1393 305 1434 les
339 1395 562 1435 luxurieux
595 1399 670 1435 ont
700 1396 890 1447 touj0urs
909 1408 961 1438 eu
981 1398 1179 1437 coutume
1210 1395 1465 1437 d'enfermer
1497 1396 1600 1438 dens
1631 1397 1704 1441 des

133 1457 256 1506 liene,
278 1459 382 1501 dans
413 1460 485 1502 des
503 1460 687 1511 chaines,
710 1472 806 1500 sous
832 1461 872 1501 le
892 1460 971 1508 fer,
993 1471 1099 1500 ceux
1119 1460 1195 1511 qui
1225 1459 1318 1499 leur
1345 1461 1541 1500 resistent
1558 1461 1704 1513 quand

132 1522 184 1567 ile
203 1527 299 1564 sont
316 1524 376 1565 les
395 1526 580 1571 meitres.
603 1526 715 1565 Vous
746 1537 799 1566 en
832 1536 931 1566 avez
963 1525 1036 1565 des
1066 1524 1279 1577 exemples
1311 1526 1578 1568 tres-conaus
1597 1526 1703 1570 dans

131 1586 193 1630 les
211 1589 343 1631 saints
361 1589 502 1631 livres.

187 1654 230 1693 1⁰
249 1654 462 1708 Pourquoi
479 1655 519 1696 le
533 1655 646 1707 juste
666 1658 706 1695 et
727 1655 924 1696 innocent
941 1655 962 1696 J
969 1655 1097 1708 oseph
1126 1655 1246 1695 est-il
1265 1655 1369 1695 livre
1389 1658 1414 1695 ἐι
1433 1655 1474 1695 le
1493 1655 1638 1708 prison
1654 1659 1699 1701 et

133 1729 218 1761 aux
236 1718 336 1770 fers,
351 1731 406 1761 au
419 1720 539 1773 point
552 1732 634 1773 que
654 1720 694 1763 le
714 1722 778 1762 fer
790 1724 1028 1772 transperce
1043 1732 1120 1760 son
1133 1721 1244 1768 eme,
1259 1720 1383 1759 sinon
1402 1732 1524 1772 parce
1545 1721 1704 1773 qu’une

131 1782 289 1827 femme
307 1784 497 1828 adultere
517 1786 622 1826 sevit
640 1790 786 1827 contre
821 1786 931 1829 cetui
951 1786 1024 1838 qui
1044 1786 1159 1827 avait
1189 1786 1334 1826 resiste
1354 1788 1379 1824 a
1398 1798 1460 1826 ses
1479 1798 1605 1827 voeux
1621 1786 1704 1832 'un-

133 1847 339 1901 pudiques
357 1853 399 1890 et
418 1850 490 1903 qui
509 1850 570 1890 lui
589 1851 713 1891 laissa
729 1852 870 1897 meme
884 1862 960 1892 son
974 1855 1175 1894 manteau
1191 1862 1298 1904 pour
1309 1862 1361 1891 ne
1375 1863 1449 1903 pes
1468 1863 1511 1892 se
1531 1851 1703 1898 souiller

134 1913 159 1951 ὲ
179 1924 224 1953 ce
244 1916 408 1955 contact
427 1916 628 1968 coupable
642 1916 662 1956 ‘t

134 2042 199 2084 tie,
220 2044 329 2091 quus
349 2044 446 2082 cinis
476 2044 777 2092 infamia„ouJus
809 2045 895 2083 finis

934 2046 1109 2082 xuriosus
1127 2045 1197 2082 suit
1217 2050 1258 2082 ut
1275 2046 1359 2082 olus
1379 2046 1622 2090 desideraret,
1643 2047 1700 2084 sio

133 2090 323 2137 gehenna!
366 2093 420 2128 Ad
457 2093 727 2136 crudelitatem,
767 2094 894 2130 lascivi

934 2098 1113 2130 cruentus
1134 2097 1172 2129 ut
1204 2099 1355 2139 propter
1384 2093 1468 2128 olus
1501 2093 1698 2132 hominem

135 2138 259 2176 cordis
273 2138 516 2179 indicandam
536 2141 673 2178 dicitur
685 2140 733 2179 ab
753 2141 893 2185 Achab,

134 2186 222 2233 quia
247 2187 375 2224 uxoris
404 2188 570 2235 impulsu
597 2188 785 2226 occiderat
819 2189 895 2226 Na-

134 2230 238 2278 hoth,
261 2239 301 2271 ut
320 2235 402 2281 ejus
432 2235 541 2273 vinea
572 2237 754 2283 potiretur
775 2247 783 2273 ;
806 2252 819 2269 «ι
851 2238 894 2272 ln

133 2279 218 2318 loco
237 2281 280 2319 in
299 2292 372 2329 quo
392 2283 586 2321 linxerunt
607 2294 721 2323 canes
739 2285 894 2330 sangui-

135 2338 224 2383 nem
238 2329 446 2375 Naboth,in
458 2341 503 2368 eo
523 2332 792 2377 caneslingent
812 2342 896 2371 san-

160 2386 288 2415 uiuem
324 2382 445 2424 tuum,
471 2384 506 2415 et
544 2380 759 2417 meretrices
792 2380 893 2416 lava-

163 2428 231 2460 unt
263 2434 302 2461 se
333 2425 373 2462 in
411 2426 595 2472 sanguine
634 2432 709 2463 tuo.
735 2441 749 2460 »
774 2428 895 2471 Quare

135 2469 314 2523 lavabunt
334 2483 373 2511 se
391 2475 608 2511 meretrices
636 2475 677 2511 in
709 2475 895 2520 sanguine

136 2519 234 2555 isto?
255 2519 349 2563 Quia
368 2522 541 2568 exemplo
573 2521 736 2569 pessimo
769 2522 894 2559 Achab

137 2565 370 2618 etJesebeiis
387 2569 561 2606 videntur
579 2570 728 2606 edoceri
758 2570 894 2607 crude-

138 2610 280 2665 iitatern
314 2614 357 2652 in
391 2626 455 2652 eos
484 2618 549 2663 qui
575 2617 895 2664 concupiscentiae

139 2669 304 2713 ipsarum
322 2661 559 2707 obnituntur,
579 2665 675 2701 sicut
694 2665 895 2702 crudeliter

140 2713 340 2760 saeyierunt
358 2710 483 2748 Achab
502 2716 538 2748 et
557 2712 702 2750 Jesabel
734 2714 775 2749 in
807 2723 894 2749 eum

140 2763 204 2799 qui
223 2757 539 2802 concupiscentias
558 2759 726 2806 ipsorum
746 2760 895 2796 obstite-

933 2141 1133 2178 occideret.
1160 2156 1174 2174 »
1213 2141 1349 2177 Laveut
1381 2151 1468 2186 ergo
1502 2151 1541 2176 se
1574 2151 1699 2181 mere—

935 2189 1046 2225 trices
1066 2189 1105 2224 in
1125 2189 1310 2231 sanguine
1330 2187 1424 2233 ejus,
1454 2192 1491 2223 ut
1523 2187 1577 2224 sic
1609 2199 1699 2234 pro-

933 2236 1023 2272 dant
1046 2235 1084 2271 in
1107 2236 1171 2272 illa
1196 2236 1306 2281 Regis
1339 2234 1496 2282 perfidia
1521 2236 1697 2278 meretri.-

933 2284 1031 2324 ciem
1050 2283 1251 2328 quamdam
1271 2284 1394 2320 inesse
1414 2283 1612 2319 feritatem.

980 2332 1074 2368 Cum
1128 2331 1242 2377 igitur
1296 2331 1482 2367 Joannem
1533 2330 1697 2374 veritatis

934 2389 1148 2424 praeconem
1167 2379 1274 2415 audis
1293 2379 1334 2414 in
1355 2378 1533 2420 vinculi&
1553 2388 1699 2420 memor

933 2431 1011 2464 esto
1032 2426 1103 2463 hoc
1117 2426 1178 2463 lux
1186 2427 1330 2463 uriosos
1345 2436 1411 2472 pro
1426 2436 1530 2462 more
1548 2435 1699 2472 semper

935 2473 1124 2518 habuisse,
1170 2478 1209 2510 ut
1264 2474 1479 2519 compedes,
1531 2473 1698 2517 vincula,

933 2522 1147 2568 ferrumque
1191 2521 1416 2567 stringerent
1445 2521 1484 2556 in
1528 2530 1592 2556 eos
1631 2520 1698 2567 qui

933 2568 1006 2606 sibi
1037 2569 1238 2612 obsistunt,
1265 2569 1295 2605 si
1331 2578 1455 2604 reruni
1487 2568 1692 2613 potiantur.

979 2617 1160 2662 Exempla
1186 2628 1228 2652 ea
1248 2616 1294 2651 de
1315 2627 1354 2652 re
1383 2615 1498 2652 habes
1516 2616 1634 2656 sacris
1653 2615 1696 2652 in

935 2664 1067 2700 litteris
1086 2664 1293 2700 notissima.

980 2711 1014 2748 1.
1037 2713 1109 2748 Cur
1134 2711 1271 2756 loseph
1295 2710 1532 2757 justissimus
1563 2714 1598 2746 et
1630 2710 1694 2747 in!-
1714 2727 1723 2733 =

934 2759 1226 2796 nocentissimus
1275 2757 1416 2794 carceri
1453 2762 1486 2794 et
1529 2758 1692 2803 vinculis

140 2801 313 2846 rat‚dum
333 2804 479 2845 vineam
498 2806 663 2847 alienum
682 2808 722 2844 iu
745 2808 894 2844 hortum
926 2807 1104 2863 traditur,
1127 2806 1176 2841 ita
1197 2810 1236 2845 ut
1264 2805 1407 2842 ferrum
1438 2805 1696 2851 pertransierit

140 2847 288 2887 olerum
334 2851 464 2893 volunt
508 2858 738 2892 convertere.
792 2855 896 2892 Unde
933 2854 1100 2890 animam
1121 2853 1215 2898 eJus‚
1237 2852 1312 2889 nisi
1331 2853 1420 2899 quia
1439 2853 1479 2888 in
1500 2863 1588 2890 eum
1619 2863 1695 2892 sar-

141 2900 293 2933 sanctus
324 2896 540 2938 Ambrosius
568 2901 634 2939 lib.
656 2902 702 2939 de
729 2901 893 2948 Naboth,
934 2902 986 2937 vit
1035 2900 1218 2943 adultera,
1256 2900 1364 2947 euJus
1414 2899 1695 2937 luxuriantibus

139 2953 279 2990 cap.11.
304 2958 318 2977 «
336 2944 738 2993 Ocruentaluxuries!
761 2950 822 2989 Sic
840 2950 898 2988 lu·
934 2948 1028 2989 votis
1065 2946 1263 2993 obnititur,
1284 2947 1346 2985 cui
1383 2948 1499 2986 etiam
1534 2946 1694 2996 pallium
