1858 3184
553 159 707 193 51188118
733 159 946 191 nnuman
975 159 1027 189 ns
1056 147 1247 190 L’Avsnr.
1610 148 1689 191 317

167 241 288 293 Μ815,
307 253 355 283 88
371 240 480 284 n'est
496 251 570 295 pas
591 238 824 280 seulement
842 249 952 292 pour
970 238 1030 278 les
1048 237 1174 287 Juifs,
1198 237 1299 278 c'est
1317 248 1467 278 encore
1491 249 1600 290 pour
1629 238 1693 279 les

113 307 254 349 futurs
271 307 511 360 heretiques
529 316 612 358 que
632 305 655 346 J
660 303 918 345 esus-Christ
938 302 1079 343 devait
1106 303 1196 343 etre
1229 314 1313 342 une
1331 301 1470 354 pierre
1490 302 1692 356 d’achop-

112 377 285 426 pement
314 375 358 414 et
386 382 470 412 une
498 369 638 424 pierre
669 369 721 410 de
752 368 963 415 scandale,
986 367 1129 420 quand
1161 368 1221 407 les
1254 379 1334 407 uns
1365 378 1409 407 se
1440 366 1695 417 heurteront

113 436 258 479 contre
277 450 324 478 sa
342 435 532 484 divinite,
554 446 716 476 comme
742 433 802 474 les
831 433 1002 483 Ariens3
1037 432 1098 472 les
1121 434 1262 472 autres
1283 435 1427 472 contre
1448 444 1523 471 son
1545 432 1693 472 huma·

112 502 202 544 nite
241 506 283 543 et
317 501 359 543 la
393 500 525 541 verite
544 499 596 540 de
621 512 667 539 sa
686 499 820 548 chair,
849 510 1012 538 comme
1043 498 1103 538 les
1135 497 1424 546 Manicheens3
1460 496 1520 537 les
1551 501 1693 538 autres

113 570 257 608 contre
275 566 318 607 18
337 565 470 608 verite
501 564 553 605 de
584 576 647 605 ses
679 565 960 612 Sacrements,
994 573 1157 602 comme
1188 561 1248 601 les
1280 562 1531 602 Lutheriens
1560 564 1603 602 et
1631 561 1693 602 les

112 631 372 674 Calvinistes.
398 632 510 671 Pour
530 629 700 670 ceux-la
719 630 842 678 donc,
875 628 907 668 il
938 628 1004 668 fut
1024 628 1086 668 dit
1108 641 1118 667 ;
1146 643 1165 666 (ι
1184 627 1484 668 Bienheureux
1502 630 1565 667 est
1584 626 1695 679 celu1

113 697 188 750 qui
205 708 258 737 ne
274 695 457 749 prendra
474 695 593 747 point
610 694 662 735 de
682 695 769 734 moi
789 706 847 734 un
868 693 979 745 sujet
999 693 1051 733 de
1071 692 1280 733 scandale.
1305 707 1324 730 n
1349 692 1457 732 C’est
1477 704 1585 744 pour
1603 704 1688 732 eux

113 761 212 815 qu’a
229 762 295 802 ete
313 763 547 814 prononcee
566 759 608 800 18
627 759 850 813 prophetie
870 759 922 799 de
943 758 1114 798 Simeon
1133 770 1169 797 :a
1194 758 1225 797 ll
1245 769 1337 798 sera
1356 770 1464 810 pour
1483 757 1692 810 plusieurs

112 838 198 867 une
216 826 337 866 ruine
357 830 399 866 et
417 838 474 866 un
493 825 615 877 signe
635 825 686 865 de
706 824 1026 864 contradiction.
1052 839 1071 860 x·
1093 823 1394 863 Bienheureux
1413 822 1522 862 donc
1541 826 1603 862 est
1621 834 1691 862 ce-

112 891 174 933 lui
193 891 266 944 qui
284 902 337 931 ne
357 902 400 931 se
419 890 568 931 heurte
587 902 662 943 pas
681 893 826 930 contre
846 889 907 929 lui
929 902 1005 941 par
1026 888 1245 938 infidelita,
1262 900 1338 940 par
1357 886 1520 927 11818518
1541 900 1596 927 08
1616 899 1694 940 par

112 955 339 998 hesitation
369 956 472 997 dans
500 956 541 996 lu
568 955 640 1004 foi,
663 957 706 996 et
738 955 810 1008 qui
842 954 1032 995 l’honore
1064 966 1116 994 en
1149 958 1326 1005 croyant
1359 953 1613 992 termement
1638 963 1693 992 en

114 1020 192 1062 lui.

166 1088 210 1127 2⁶
229 1087 372 1127 ΡοιΝΤ.
393 1109 443 1117 -
463 1086 755 1127 L’ambassade
786 1086 839 1126 de
878 1086 983 1126 Jean
1014 1084 1187 1137 pouvait
1222 1083 1326 1123 faire
1371 1094 1633 1135 soupqonner
1670 1085 1695 1122 a

117 1151 425 1205 quelques-uns
456 1164 541 1192 une
570 1155 680 1192 sorte
713 1151 1020 1190 d'inconstance
1047 1161 1100 1190 en
1134 1149 1194 1188 lui
1226 1151 1268 1188 et
1300 1149 1404 1188 faire
1436 1148 1568 1187 croire
1589 1147 1693 1200 qu’il

116 1217 300 1258 vacillait
331 1217 435 1257 dans
466 1217 504 1257 le
536 1218 810 1269 temoignage
842 1216 978 1255 rendu
1009 1227 1084 1267 par
1116 1214 1175 1254 lui
1207 1218 1471 1265 auparavant
1499 1215 1524 1252 a
1551 1213 1693 1253 ,18585-

119 1281 272 1323 Christ.
293 1284 350 1323 Le
368 1282 588 1335 populaire
609 1285 669 1322 est
689 1281 930 1321 facilement
950 1280 1088 1320 enclin
1111 1281 1135 1318 a
1154 1290 1418 1331 soupqonner
1444 1283 1485 1318 et
1516 1280 1540 1317 a
1567 1278 1697 1329 juger

119 1347 474 1388 temerairement.
509 1347 618 1387 C’est
655 1346 865 1399 pourquoi
896 1344 1172 1386 Jesus-Christ
1202 1343 1334 1396 prend
1367 1343 1407 1383 18
1440 1343 1610 1383 defense
1642 1342 1696 1382 de

117 1412 241 1463 leun,
262 1418 318 1463 et,
340 1425 392 1452 en
412 1412 452 1453 le
471 1413 617 1452 louant
636 1410 948 1463 ample111ent,il
967 1412 1104 1450 ecarte
1126 1412 1220 1449 tout
1239 1408 1428 1448 mauvais
1448 1419 1649 1460 soupqon.
1663 1406 1698 1447 11

120 1489 226 1517 nous
246 1477 446 1530 enseigne
466 1477 577 1518 aussi
596 1489 672 1530 par
691 1477 733 1516 la
752 1488 850 1528 que,
872 1474 1090 1528 lorsqu'un
1119 1474 1343 1526 jugement
1375 1473 1615 1521 temeraire,
1639 1484 1694 1512 ou

119 1554 204 1583 une
223 1543 473 1592 medisance,
496 1555 549 1581 ou
570 1554 652 1582 une
672 1542 887 1581 mauvaise
919 1540 1093 1592 opinion
1125 1543 1228 1591 peut
1259 1538 1432 1578 s’elever
1463 1549 1519 1577 au
1550 1537 1698 1590 preju-

119 1607 210 1648 dice
229 1607 285 1647 du
303 1607 521 1660 prochain,
552 1619 658 1646 nous
687 1617 869 1647 sommes
898 1608 1020 1645 tenus
1042 1604 1093 1644 de
1125 1603 1327 1644 defendi-e
1361 1616 1407 1642 sa
1437 1602 1697 1655 reputation,

118 1674 268 1713 autaut
287 1684 368 1725 que
388 1672 492 1712 faire
513 1684 556 1713 se
576 1674 691 1724 peut.
715 1671 832 1720 Μ815,
860 1670 977 1710 helas
997 1670 1006 1710 1
1029 1669 1222 1710 combien
1243 1669 1294 1709 de
1315 1668 1394 1709 sois
1413 1667 1704 1720 n'arrive-t-i1

117 1749 193 1791 pas
212 1749 308 1790 que,
330 1737 366 1777 si
384 1737 424 1778 le
444 1737 582 1778 diable
598 1738 699 1789 joue
718 1737 823 1777 dans
842 1736 883 1776 la
903 1736 1065 1776 bouche
1085 1735 1141 1775 du
1156 1734 1363 1775 medisant
1377 1734 1450 1786 qui
1464 1734 1697 1786 interprete

103 1813 175 1854 ‚en
192 1802 280 1843 mal
297 1802 356 1843 les
375 1806 486 1843 actes
504 1802 704 1854 d'autrui‚
725 1802 755 1842 il
770 1802 872 1854 joue
893 1801 1005 1841 aussi
1036 1801 1140 1841 dans
1172 1799 1345 1839 l’oreille
1371 1799 1422 1839 de
1450 1798 1698 1848 l’ecoutant‚

120 1867 395 1921 l’engageant
414 1870 438 1908 a
458 1868 660 1908 entendre
680 1879 781 1908 avec
800 1866 955 1907 avidite
975 1866 1083 1907 celui
1104 1865 1177 1919 qui
1195 1864 1355 1905 medit‘?

121 2063 236 2102 etiam
255 2063 392 2100 futuris
425 2063 611 2100 haereticis
643 2063 789 2101 futurus
809 2068 887 2100 erat

928 2067 1011 2099 rant
1034 2062 1196 2108 alicujus
1228 2061 1269 2098 18
1301 2061 1383 2107 ipso
1415 2057 1696 2103 inconstantiae,

122 2111 292 2149 Christus
330 2111 426 2158 lapis
457 2111 678 2148 offensionis
709 2115 754 2166 et·
782 2116 889 2159 petra

928 2110 1035 2158 quasi
1074 2109 1266 2146 vacillaret
1297 2108 1338 2144 18
1376 2106 1595 2144 18511810810
1633 2116 1700 2143 an·

122 2158 307 2204 scandali,
321 2159 413 2196 dum
432 2158 586 2206 quidam
605 2169 652 2196 ex
671 2159 726 2196 815
745 2170 786 2196 18
807 2160 888 2206 8185

123 2205 359 2244 divinitatem
395 2206 627 2255 impingunt,
659 2212 700 2244 ut
743 2207 887 2251 Ariani,

123 2253 190 2291 alii
207 2254 249 2291 18
276 2254 357 2301 ejus
389 2254 664 2291 humanitatem
696 2258 731 2291 et
763 2255 890 2292 carnis

124 2301 334 2349 veritatem,
355 2306 395 2339 ut
420 2302 634 2349 Manichaei,
655 2302 721 2339 alii
753 2303 795 2339 in
827 2314 889 2339 sa-

125 2353 406 2388 cramentorum
455 2350 539 2397 ejus*
584 2350 799 2395 veritatem,
850 2354 890 2386 ut

126 2395 328 2435 Lutherani
347 2402 384 2435 et
402 2397 630 2435 Calvinistae.
648 2398 802 2444 Propter
823 2397 892 2434 1185

125 2442 240 2491 igitur
258 2445 371 2482 etiam
390 2445 485 2482 illud
504 2445 648 2483 dictum
668 2450 723 2482 851
740 2456 748 2481 ;
768 2460 782 2478 α
805 2445 893 2482 Bea-

127 2494 188 2528 tus
207 2491 270 2539 qui
285 2503 368 2530 888
398 2493 510 2530 fuerit
542 2493 817 2530 scandalizatus
850 2493 892 2529 in

127 2547 204 2575 me.
223 2539 349 2577 »Item
378 2545 414 2577 et
440 2540 536 2577 illud
555 2552 577 2578 a
596 2541 772 2578 Simeone
801 2551 892 2587 pro-

128 2585 320 2632 phetante,
346 2592 496 2634 propter
519 2588 608 2625 illos
635 2589 891 2636 pronuntian-

129 2636 212 2686 tum
230 2637 309 2688 est:
326 2649 340 2667 α
356 2635 435 2672 Erit
453 2636 495 2672 18
514 2636 665 2672 ruinam
684 2636 892 2672 multorum

130 2683 169 2716 et
198 2689 242 2717 18
268 2691 419 2728 signum
455 2683 518 2720 cui
547 2684 841 2721 contradicetur.
872 2699 887 2718 2>

130 2726 266 2781 Beatus
284 2738 371 2776 ergo
389 2730 453 2776 qui
473 2730 515 2767 111
541 2741 629 2768 8881
648 2742 727 2768 888
747 2731 892 2778 impin-

131 2778 202 2820 git,
231 2773 291 2828 vel
319 2785 386 2822 per
417 2777 696 2822 infidelitatem,
731 2778 788 2815 vel
827 2789 893 2825 per

134 2820 323 2876 1188185181,
336 2827 400 2860 aut
417 2824 656 2863 vacillantem
671 2826 806 2872 tidem«,
827 2827 892 2863 sed

132 2867 400 2924 firmiter-eum
417 2871 520 2919 colit,
539 2873 597 2910 illi
616 2873 750 2911 credit.v

182 2915 310 2971 Aliqui
345 2916 393 2954 ob
429 2917 655 2966 legationem
689 2932 712 2957 a
747 2921 894 2958 Joanne

132 2962 272 3001 factam
299 2973 342 3002 111
371 2965 624 3012 suspicionem
639 2968 768 3006 venire
785 2972 895 3015 pote-

929 2164 986 2195 tea
1006 2157 1155 2194 Christo
1186 2155 1355 2193 exhibito
1379 2166 1387 2191 2
1409 2159 1465 2192 est
1497 2154 1600 2191 enim
1626 2163 1702 2200 po-

928 2205 1071 2252 pularis
1093 2204 1202 2241 turba
1221 2202 1400 2250 proclivis
1430 2202 1477 2238 ad
1507 2201 1700 2248 suspicio-

930 2264 1019 2290 nem
1045 2257 1080 2289 et
1109 2252 1298 2299 judicium
1331 2250 1587 2287 temerarium.
1610 2248 1698 2286 Ideo

929 2301 1087 2347 suscipit
1125 2300 1295 2336 Christus
1331 2298 1491 2335 loannis
1533 2296 1700 2343 patroci-

929 2349 1058 2392 nium,
1091 2352 1127 2384 ct
1157 2357 1224 2394 per
1253 2346 1399 2393 amplas
1432 2345 1536 2382 illius
1569 2344 1701 2380 laudes

929 2406 1084 2433 omnem
1104 2395 1236 2432 eximit
1251 2404 1404 2441 pravam
1419 2392 1698 2438 suspicionem3

931 2445 1001 2481 hac
1041 2443 1186 2480 ratione
1224 2442 1337 2479 ctiam
1377 2451 1447 2478 nos
1485 2441 1677 2476 instruens

929 2502 1018 2529 cum
1051 2491 1108 2528 vel
1140 2490 1326 2537 judicium
1357 2487 1615 2531 temerarium,
1644 2467 1702 2524 181

930 2539 1128 2584 detractio,
1166 2543 1229 2575 aut
1262 2537 1416 2573 sinistra
1447 2535 1578 2581 opinio
1609 2534 1702 2571 oriri

930 2591 1051 2634 potest
1076 2587 1118 2623 in
1144 2584 1407 2633 praeJudiciuin
1427 2581 1607 2629 proximi,
1626 2592 1700 2619 nos

931 2634 1051 2671 teneri
1071 2634 1152 2680 cjus
1178 2634 1331 2675 samam,
1352 2630 1474 2677 quoad
1493 2629 1698 2676 possimus,

932 2682 1041 2719 tueri.
1064 2681 1270 2724 Scd‚chcu,
1292 2689 1406 2725 quam
1425 2688 1525 2724 saepe
1543 2677 1698 2724 accidit,

931 2734 971 2766 ut
991 2731 1089 2766 sicut
1106 2727 1279 2765 diabolus
1299 2726 1395 2763 ludit
1413 2725 1455 2762 in
1474 2735 1538 2762 ore
1555 2725 1699 2762 detrae-

932 2777 1022 2814 toris
1047 2777 1146 2812 sacta
1170 2775 1295 2812 aliena
1326 2773 1478 2810 sinistre
1511 2773 1702 2818 interpre-

933 2825 1060 2868 tantis,
1082 2827 1136 2859 sic
1169 2822 1283 2859 etiam
1310 2821 1404 2858 ludit
1435 2820 1475 2857 in
1507 2830 1597 2856 aure
1627 2829 1700 2856 au-

932 2872 1085 2914 dientis,
1101 2880 1188 2907 cum
1208 2868 1384 2906 aviditate
1401 2867 1591 2904 audiendo
1610 2866 1703 2908 alte-

932 2930 1018 2956 rum
1037 2919 1084 2955 ad
1104 2917 1381 2954 detrahendum
1407 2914 1636 2953 allicientis?
1652 2914 1699 2952 ln

933 2967 1006 3006 hoc
1031 2975 1181 3014 quoque
1203 2963 1403 3002 instructio
1420 2974 1444 3000 a
1462 2962 1611 3001 Christo
1628 2961 1701 3000 da-
