1858 3184
201 184 282 225 348

255 283 312 323 Sa
330 282 396 322 vie
418 281 481 322 :il
499 282 601 323 etait
631 281 756 322 d’une
787 281 986 322 austerite
1022 284 1065 322 et
1101 280 1228 322 d’une
1263 280 1441 321 saintetc
1478 277 1771 320 merveilleuse

201 347 305 388 dans
325 347 366 387 le
382 347 610 396 vetement,
632 347 673 387 le
692 347 808 387 vivre
826 350 870 387 et
889 347 929 386 la
948 346 1159 387 conduite.
1182 347 1245 387 On
1278 349 1350 386 eut
1381 344 1443 384 dit
1473 343 1575 397 qu'il
1611 343 1771 385 menait

200 423 286 453 une
303 412 370 452 vie
388 412 530 453 divine
550 412 654 452 dans
673 425 731 452 un
753 424 872 465 corps
892 412 1086 452 humain.

255 478 312 519 Sa
329 477 589 530 predication
608 481 650 518 et
670 490 715 517 sa
734 477 878 530 parole
903 489 911 516 :
933 478 993 517 les
1011 477 1202 518 hommes
1221 476 1272 516 de
1302 479 1421 516 toute
1457 474 1668 515 condition
1698 485 1769 514 ac-

201 542 418 583 couraient
437 544 461 582 ἐι
481 542 670 591 lui‚bien
702 554 783 595 que
812 555 874 582 ses
904 542 1127 595 reproches
1158 542 1320 582 fussent
1350 552 1501 591 amers,
1523 540 1574 579 ils
1585 539 1772 595 ,deman-

200 607 346 648 daient
363 610 458 647 tous
478 620 552 647 son
579 608 794 660 Bapteme‚
815 608 866 647 ils
899 620 942 647 se
973 607 1316 648 convertissaient
1347 608 1372 646 ὲ
1402 606 1445 646 le,
1474 605 1692 658 penitence
1729 607 1772 645 et

201 673 482 713 confessaient
510 673 621 712 leurs
652 673 817 724 peches,
844 677 952 723 tous,
975 672 1204 725 plebeiens,
1226 671 1388 723 nobles,
1411 671 1566 711 soldats
1593 673 1638 717 ,et
1657 669 1770 710 Pha-

197 748 363 777 risiens.
1272 735 1285 749 “

252 804 407 843 Toutes
444 814 511 843 ces
547 802 691 843 choses
732 803 961 855 pouvaient
998 803 1162 843 donner
1198 807 1305 842 cette
1342 802 1434 842 idee
1455 814 1509 841 au
1539 799 1706 853 peuple,
1728 801 1772 840 et

197 867 338 907 meme
375 869 400 907 ὲ
439 867 640 920 quelques
677 868 841 920 princes
875 867 993 920 juifs,
1016 867 1126 908 alors
1163 870 1327 908 surtout
1363 879 1446 920 que
1482 866 1522 906 le
1558 865 1696 907 Christ
1715 876 1770 906 ne

199 932 335 972 s'etait
371 937 445 985 pas
477 945 633 974 encore
669 933 746 973 fait
785 934 1004 974 connaitre
1043 945 1120 985 per
1165 945 1228 973 ses
1266 932 1460 973 miracles
1510 934 1552 972 et
1600 942 1683 984 que
1731 930 1771 971 le

195 999 335 1049 temps
372 998 511 1049 predit
556 1010 664 1051 pour
701 998 983 1038 l’avenement
1029 999 1085 1038 du
1122 998 1268 1039 Messie
1317 998 1426 1038 etait·
1468 997 1618 1045 {ti-rive,
1653 995 1770 1049 puis-

197 1073 280 1114 que
299 1063 337 1102 le
365 1066 526 1115 sceptre
557 1063 660 1104 etait
691 1066 808 1116 passe
828 1076 913 1104 aux
943 1066 1176 1116 etrangers,
1198 1063 1365 1103 suivant
1397 1063 1437 1103 la
1467 1061 1688 1116 prophetie
1719 1060 1770 1101 de

195 1126 340 1167 Jacob.

251 1191 305 1231 Ils
338 1193 597 1244 envoyerent
633 1193 741 1232 donc
779 1193 850 1233 des
886 1194 1061 1246 pretres,
1084 1193 1155 1233 des
1184 1193 1333 1235 levites
1364 1195 1405 1233 et
1425 1193 1497 1233 des
1533 1190 1771 1232 Pharisiens

201 1254 358 1306 grands
378 1255 582 1295 zelateurs
607 1256 657 1296 de
678 1256 718 1296 la
738 1256 795 1296 loi
815 1260 858 1296 et
890 1257 941 1296 de
978 1257 1020 1296 le
1050 1256 1245 1310 religion,
1265 1269 1373 1309 pour
1404 1256 1464 1296 lui
1502 1255 1733 1296 demandet
1755 1267 1766 1295 z

204 1332 224 1358 ε(
245 1319 327 1367 Qui
346 1320 590 1361 etas-vous?
614 1338 632 1358 s>
654 1323 710 1362 Ce
730 1322 835 1362 n’est
854 1334 928 1375 pas
948 1324 972 1362 ὲ
992 1322 1082 1363 dire
1101 1323 1226 1375 qu'ils
1244 1322 1584 1373 l'interrogerent
1601 1332 1679 1374 par
1703 1331 1771 1360 ces

198 1385 364 1438 paroles
385 1386 525 1427 seches
553 1389 596 1427 et
626 1387 786 1438 breves,
809 1388 915 1427 mais
952 1380 1250 1440 l’Evangeliste
1279 1390 1381 1428 veut
1416 1386 1612 1439 indiquer
1649 1384 1772 1438 qu'ils

198 1449 342 1490 furent
360 1453 543 1504 envoyes
562 1464 671 1505 pour
688 1453 749 1492 lui
769 1453 999 1493 demander
1018 1453 1090 1506 qui
1109 1453 1139 1493 il
1163 1453 1280 1494 etait.
1301 1453 1335 1493 Il
1355 1454 1415 1492 est
1451 1450 1772 1492 vraisemblable

200 1514 323 1566 qu’ils
341 1515 467 1556 firent
487 1519 595 1556 cette
626 1517 833 1557 demande
866 1529 918 1557 en
951 1521 1105 1557 termes
1136 1518 1306 1558 discrets
1336 1521 1378 1557 et
1415 1516 1674 1569 appropries,
1695 1515 1767 1556 de-

197 1579 404 1620 mandant
424 1593 474 1620 en
496 1581 625 1621 detail
638 1582 701 1621 s’il
715 1582 858 1622 n'etait
878 1594 951 1634 pas
970 1582 1009 1622 le
1023 1583 1173 1632 Christ,
1194 1583 1334 1636 predit
1352 1595 1428 1635 par
1446 1584 1540 1622 tant
1553 1581 1767 1630 (ἴοι-30165,

197 1644 366 1697 signifie
387 1658 463 1698 par
482 1649 575 1686 tant
594 1647 646 1686 de
666 1648 839 1699 figures,
861 1648 995 1688 desire
1015 1652 1057 1688 et
1078 1648 1252 1688 attendu
1273 1660 1348 1701 par
1378 1651 1471 1687 tant
1502 1647 1552 1686 de
1581 1657 1708 1685 voeux
1727 1648 1770 1686 et

197 1708 250 1750 de
269 1711 470 1751 souhaits.
493 1713 557 1763 Et,
582 1724 745 1752 comme
763 1714 868 1753 Jean
899 1713 1003 1752 niait
1035 1716 1325 1754 ouvertement
1357 1711 1458 1765 qu'il
1477 1712 1543 1752 fut
1571 1712 1611 1751 le
1631 1710 1770 1751 Christ

196 1775 241 1815 et
258 1776 483 1816 confessait
503 1777 782 1829 ingenument
796 1777 897 1830 qu'il
917 1778 1062 1818 n'eteit
1093 1791 1168 1831 pas
1187 1778 1226 1818 le
1247 1778 1393 1820 Messie
1424 1777 1614 1825 attendu,
1636 1775 1688 1815 ils
1707 1774 1769 1815 lui

198 1839 456 1882 demandent
475 1853 640 1892 encore,
661 1843 724 1882 s'il
744 1844 846 1883 etait
866 1836 955 1883 Elie
976 1843 1100 1896 qu’ils
1129 1844 1384 1884 attendaient
1410 1854 1572 1883 comme
1602 1844 1770 1894 precur-

197 1916 294 1945 seur
314 1908 369 1945 «iu
392 1907 538 1947 Messie
558 1910 599 1947 et
618 1910 643 1947 εὶ
663 1908 735 1960 qui
755 1908 784 1947 il
804 1909 1066 1948 ressemblait
1084 1921 1161 1962 par
1182 1910 1219 1948 ie
1249 1910 1477 1958 vetement,
1499 1908 1538 1947 la
1569 1907 1636 1947 vie
1666 1906 1767 1946 soli-

619 192 667 221 Ln
697 191 902 222 numiui,
927 191 1004 222 uns
1031 182 1348 226 russmca‘rnuns.

200 2053 278 2086 erat
297 2049 526 2086 austeritatis
559 2054 595 2087 ct
626 2051 904 2096 sanctimoniae,
926 2052 965 2088 in

282 2096 288 2103 .
398 2097 404 2103 .
1005 2052 1114 2094 vitas,
1147 2052 1336 2099 simulque
1368 2051 1576 2089 Pharisaeos
1607 2049 1700 2097 legis
1732 2053 1769 2087 et

198 2101 349 2140 vestitu,
372 2102 487 2142 victu,
509 2100 817 2142 conversationc;
841 2100 878 2136 in
902 2100 967 2136 hu-

1007 2100 1200 2146 religionis
1219 2100 1413 2143 zelatores,
1435 2103 1474 2135 ut
1493 2100 1769 2145 interrogarent

200 2154 314 2180 mano
353 2149 431 2181 erat
470 2156 627 2192 corpore
666 2147 767 2183 velut
798 2147 965 2184 divinam

199 2202 316 2238 agens
336 2192 460 2229 vitam.
486 2193 704 2231 Proedicatio
727 2200 762 2231 ct
784 2195 967 2242 vox‚quia

201 2238 376 2276 homines
397 2241 523 2277 omnis
543 2242 775 2279 conditionis
799 2243 845 2279 ad
880 2253 964 2279 eum

201 2286 288 2323 lieet
313 2298 444 2334 aspere
474 2288 730 2334 increpantem
758 2300 965 2326 concurre-

201 2333 305 2378 bant,
339 2338 374 2370 ct
409 2335 639 2382 Baptismum
675 2337 756 2382 ejus
788 2342 966 2384 expecta-

201 2381 306 2426 bant,
333 2381 461 2429 sieque
489 2383 804 2421 convertebantur
824 2386 868 2421 ad
892 2396 967 2432 poe-

200 2429 412 2475 nitentium,
452 2435 488 2465 et
538 2431 816 2469 confitebantur
861 2438 966 2470 actus

200 2487 303 2521 suos,
330 2488 405 2514 non
441 2478 564 2515 sotum
600 2479 772 2516 homines
812 2480 964 2527 plebeii,

199 2525 263 2561 sed
285 2530 320 2560 et
345 2525 506 2569 nobiles,
528 2530 564 2562 et
598 2527 750 2570 milites,
773 2532 807 2563 ct
842 2528 964 2564 i’iiari·

199 2571 278 2608 ami.
301 2574 406 2609 Certe
435 2572 513 2610 iimo
545 2574 674 2611 omnia
706 2585 787 2611 eam
821 2575 966 2622 opinio-

201 2630 286 2656 nem
345 2621 566 2663 ingenerare
622 2626 788 2668 poterant
848 2623 963 2669 plebi,

201 2667 277 2703 imo
297 2672 332 2702 et
351 2668 542 2715 aliquibus
563 2669 794 2707 Priinorinus
811 2671 962 2706 iudano-

200 2724 307 2758 rum;
349 2716 513 2753 maxime
550 2726 637 2755 eum
685 2718 846 2754 necdum
900 2729 964 2765 per

200 2762 381 2799 miracuta
402 2774 468 2799 sua
488 2764 639 2808 siminus
659 2765 751 2801 soret
778 2765 962 2809 Christus,

199 2814 234 2845 et
266 2815 391 2847 tamen
434 2813 523 2847 foret
556 2817 706 2859 tempus
739 2813 962 2860 praedictum

201 2856 360 2901 messim,
382 2860 467 2905 quia
489 2865 678 2907 sceptrum
694 2860 789 2897 Juda
809 2861 853 2897 ad
875 2861 963 2898 atie·

201 2904 356 2948 ninenns
377 2911 453 2942 erat
481 2907 719 2952 translatum,
738 2908 845 2955 Juxta
881 2909 963 2946 Pro-

201 2951 363 2997 phetiam
384 2953 513 2991 Jacob.

249 2998 431 3037 Miserunt
452 3001 575 3048 itaque
595 3002 813 3040 Sacerdotes
833 3007 869 3039 ct
900 3006 962 3040 he-

1005 2158 1091 2184 eum
1115 2157 1123 2183 ε
1152 2160 1165 2177 «τ
1188 2147 1241 2183 Tu
1275 2147 1359 2193 quis
1392 2157 1431 2183 es
1449 2149 1463 2182 ἱ)
1483 2146 1567 2184 Non
1587 2146 1685 2192 quod
1709 2144 1768 2182 his

1005 2194 1127 2231 verbis
1147 2194 1199 2231 ita
1219 2195 1318 2231 sicce
1336 2199 1372 2231 et
1392 2194 1567 2230 steriliter
1598 2202 1684 2230 eum
1711 2192 1768 2230 in-

1006 2242 1226 2290 terrogarint
1249 2258 1257 2286 3
1309 2242 1373 2278 sed
1424 2241 1502 2277 vuit
1551 2240 1768 2285 significare

1006 2290 1255 2334 Evanssetista,
1271 2289 1354 2325 ideo
1380 2289 1515 2325 missos
1535 2293 1575 2324 ut
1603 2288 1767 2325 interro-

1005 2341 1135 2383 garcnt
1192 2337 1250 2373 uis
1281 2347 1369 2373 nam
1405 2336 1483 2382 ipsc
1516 2335 1623 2372 soret.
1659 2335 1767 2379 Quod

1005 2386 1155 2432 quidem
1166 2348 1358 2421 gisortisct
1374 2383 1629 2420 accommodis
1644 2383 1767 2420 verbis

1006 2433 1137 2470 fecisse
1157 2431 1361 2469 verisimile
1381 2435 1450 2475 est,
1472 2431 1583 2467 etiam
1606 2431 1645 2467 in
1679 2441 1766 2477 spe-

1004 2480 1090 2518 ciali
1131 2479 1431 2525 interrogando:
1467 2480 1521 2515 An
1561 2489 1638 2515 non
1672 2478 1768 2516 [oret

1005 2529 1084 2575 ipse
1105 2527 1271 2570 Messias,
1293 2527 1370 2563 sive
1399 2526 1568 2562 Christus
1603 2530 1654 2563 tot
1685 2536 1767 2562 ora-

1004 2575 1100 2613 cutis
1131 2574 1345 2622 praedictus,
1379 2578 1431 2610 tot
1471 2574 1601 2618 figuris
1633 2573 1767 2628 praesi-

1003 2623 1216 2667 unificatus,
1258 2626 1309 2658 tot
1348 2621 1441 2657 votis
1489 2625 1525 2657 et
1570 2621 1767 2658 desideriis

1006 2670 1186 2707 haetenus
1206 2669 1393 2716 expetitus
1412 2673 1685 2716 etexpectatuS.
1708 2668 1767 2705 At-

1003 2728 1074 2766 que
1095 2726 1180 2756 eum
1196 2721 1323 2764 aperte
1338 2721 1491 2759 negaret
1505 2727 1544 2753 se
1559 2716 1766 2761 Christum,

1003 2770 1037 2802 et
1057 2765 1298 2802 confiteretur
1319 2764 1483 2808 ingenue
1503 2775 1542 2800 se
1574 2774 1651 2801 non
1684 2773 1767 2801 csse

1005 2813 1104 2850 imno
1126 2812 1298 2849 Messinm
1333 2816 1583 2858 expectatum,
1607 2810 1767 2848 ulterius

1002 2860 1263 2904 interrogant:
1307 2861 1358 2895 Λιι
1398 2859 1492 2895 soret
1530 2859 1540 2895 i
1570 2869 1610 2895 se
1648 2857 1764 2903 Elias,

1001 2917 1111 2955 quem
1132 2911 1168 2943 et
1188 2907 1259 2962 ipsi
1280 2906 1530 2952 expectabant
1578 2915 1765 2943 roeourso-

1001 2965 1079 2992 rem
1102 2954 1246 2991 Messian
1269 2955 1355 2991 :cui
1378 2955 1527 2999 vestitu,
1542 2953 1765 2998 solitudine,

1000 3002 1087 3046 vita,
1102 3001 1243 3050 offleio,
1260 3012 1337 3040 non
1351 3001 1536 3040 absimilis
1550 3000 1771 3040 videbatur.
