1858 3184
126 104 220 158 630,

127 191 236 249 qu’il
254 201 308 235 66
320 189 365 242 ,16Ι
383 188 448 229 fut
466 200 542 241 par
557 200 606 228 56
623 187 763 243 haine,
784 186 1026 239 puisquece
1045 185 1338 249 ,roipecifique
1360 186 1425 229 ,fit
1438 187 1570 234 servit
1589 191 1730 240 cette

127 257 259 310 116166
273 257 300 296 a
317 255 378 295 les
397 265 635 295 couronner
653 257 695 293 et
715 255 739 292 6
758 252 849 292 1661·
860 252 1019 291 donner
1037 263 1095 291 66
1109 263 1329 304 royaume.
1356 265 1376 290 α
1395 251 1499 298 Loin
1518 252 1570 294 de
1591 266 1712 303 nous⁴

126 310 356 375 1611611566,
381 319 444 359 dit
461 318 571 358 saint
607 317 834 372 Angustia,
857 329 938 369 que
957 316 995 356 16
1015 316 1167 366 Christ,
1190 320 1348 357 venant
1377 318 1713 370 poundelivrer

125 386 189 434 les
206 387 413 435 hommes,
439 384 543 423 n’ait
567 382 661 423 rien
681 382 760 422 fait
779 394 886 434 pour
904 383 1198 434 recompenset*
1216 394 1324 422 ceux
1338 382 1411 435 qui
1430 385 1591 424 661616
1618 384 1699 425 mis

124 454 154 492 ,a
172 438 285 503 moi-t
304 462 412 503 pour
443 449 518 499 lui,
541 447 698 500 quand,
722 460 792 486 sur
822 446 865 486 16
895 447 1031 498 616111Ἰ
1048 447 1079 487 11
1110 459 1136 487 6
1167 447 1256 500 prie
1281 460 1388 501 pour
1418 460 1524 489 ceux
1555 449 1629 502 qui
1658 450 1735 491 les

128 517 307 565 1661661.
329 514 462 568 (Sem
480 525 558 554 x111
571 526 679 567 pour
699 506 900 566 I'Epz‘plz.)
923 527 942 549 »

180 584 224 623 9⁰
243 581 385 630 Enfin,
407 582 561 619 notons
581 590 662 631 que
681 590 746 618 ces
766 578 850 617 rois
866 576 1127 630 glorifierent
1146 580 1267 618 notre
1287 578 1350 618 roi
1369 578 1584 632 pacifique>
1597 592 1713 627 non-2:

124 647 360 689 seulement
402 658 454 685 66
488 646 595 684 66116
626 644 863 692 adoration,
900 643 1007 683 61615
1037 642 1194 683 durant
1225 646 1344 684 toute
1374 644 1467 685 leur
1498 645 1578 695 vie,
1602 646 1627 686 6
1657 644 1705 695 le

127 716 255 762 mort,
276 714 318 752 et
338 711 460 763 apres
479 710 520 749 16
539 712 665 749 mort.

180 779 344 818 Durant
362 776 453 816 leur
472 774 552 823 vie,
576 774 637 813 dit
658 773 766 812 saint
791 774 896 814 ,1666
929 773 1223 825 Chrysostome
1244 772 1362 826 (hom.
1396 786 1468 816 xvl
1491 788 1562 815 sur
1591 776 1702 816 saint

126 840 308 894 Maffla),
330 853 382 881 en
403 828 656 879 s'edressant
675 840 700 877 6
721 839 742 879 J
748 838 1006 878 esus—Christ
1027 851 1036 874 :
1065 852 1084 875 «
1106 841 1139 878 A
1167 840 1286 879 votre
1306 840 1570 891 avenement,
1593 853 1698 882 vous

126 920 226 949 avez
246 905 394 959 appele
413 905 472 945 les
493 902 636 956 Mage's
657 903 846 944 d’Orient
864 907 906 943 et
936 915 1040 942 vous
1070 903 1132 943 les
1163 916 1263 943 avez
1295 906 1502 957 renvoyes
1535 918 1699 947 comme

125 973 198 1015 des
216 970 507 1023 Evangelistes
526 969 630 1009 dans
644 969 736 1009 leur
755 981 874 1021 pays.
897 982 915 1006 υ
941 969 1097 1018 Cernes,
1120 968 1148 1008 il
1163 968 1255 1009 leur
1269 970 1490 1010 convenait
1503 970 1553 1010 de
1573 971 1662 1012 dire
1684 985 1695 1012 ε

130 1054 151 1076 «
171 1038 290 1078 Voici
310 1036 348 1076 le
363 1036 464 1088 jour
483 1035 534 1076 de
554 1035 596 1075 16
620 1034 762 1074 bonne
791 1034 1001 1074 nouvelle.
1038 1034 1084 1074 Si
1114 1046 1218 1073 nous
1250 1047 1356 1075 nous
1387 1035 1557 1085 taisons,
1593 1048 1700 1080 nous

127 1115 270 1145 sex-ons
290 1102 455 1142 6666565
475 1100 526 1140 (16
547 1100 691 1139 crime.
717 1099 774 1151 (4¹³
796 1098 864 1139 liv.
887 1099 996 1138 Rois.
1021 1111 1094 1140 v11.
1118 1098 1198 1153 11.)
1223 1116 1242 1136 »
1267 1101 1458 1140 Revenus
1479 1101 1577 1141 chez
1598 1114 1696 1153 eux,

125 1182 194 1212 ces
214 1168 315 1208 trois
336 1166 515 1207 16616165
535 1165 834 1217 irrefragables
856 1166 1144 1205 annoncerent
1174 1165 1215 1204 16
1237 1164 1370 1217 gleire
1401 1166 1457 1206 (16
1489 1167 1698 1219 Seigneur

126 1232 250 1287 qu'ils
268 1232 436 1273 avaient
455 1231 620 1284 apprise
642 1233 666 1270 6
691 1230 858 1270 1’16(1166
890 1230 941 1270 de
973 1230 1128 1270 l'etoile
1159 1233 1202 1270 et
1233 1232 1257 1270 6
1289 1231 1432 1272 1’66616
1466 1231 1521 1271 (16
1555 1232 1696 1273 Saint-

125 1299 280 1352 Esprit.
303 1297 378 1339 S’il
406 1299 467 1337 est
489 1297 549 1337 dit
580 1296 652 1336 des
671 1296 852 1347 Bergers
874 1309 883 1335 :
909 1311 929 1332 «
950 1296 1004 1335 Ils
1035 1294 1119 1335 s’eu
1149 1298 1456 1346 retourne-rent,
1483 1297 1699 1349 glorifiant

125 1368 168 1407 et
187 1364 335 1405 166661
354 1362 459 1403 Dieu
478 1362 530 1402 de
550 1364 688 1402 tontes
707 1361 767 1401 les
783 1361 926 1400 choses
940 1359 1062 1413 qu’ils
1077 1361 1242 1401 avaient
1262 1362 1492 1403 entendues
1511 1365 1552 1403 et
1581 1375 1696 1414 vues,

124 1429 241 1483 (Luc.
261 1440 306 1478 11,
337 1428 426 1481 21.)
446 1443 465 1463 »
490 1429 514 1467 6
548 1426 739 1466 combien
772 1426 866 1479 plus
894 1426 1002 1466 forte
1034 1426 1174 1466 raison
1207 1426 1294 1467 cela
1324 1428 1494 1467 sera—t-il
1526 1428 1616 1468 vrai
1647 1428 1698 1469 de

125 1507 231 1536 ceux
250 1493 323 1546 qui
343 1492 535 1532 s’etaient
555 1491 837 1544 grandement
856 1491 1027 1542 rejouiS,
1050 1491 1235 1531 desirant
1266 1492 1357 1531 voir
1394 1492 1502 1533 celui
1533 1493 1638 1534 dont
1656 1493 1702 1538 la,

125 1563 237 1601 terre
257 1558 418 1599 enuere
437 1557 572 1597 desire
594 1556 854 1609 contempler
872 1556 911 1595 le
932 1556 1089 1608 vis-age,
1111 1557 1214 1596 dont
1246 1557 1285 1596 le
1305 1570 1405 1597 nom
1437 1561 1499 1598 est
1522 1575 1541 1594 «
1562 1558 1601 1598 16
1621 1558 1695 1599 (16-

105 1614 208 1666 ’5116
227 1624 279 1664 de
300 1626 435 1663 166165
454 1622 514 1662 165
534 1622 716 1661 6611665.
739 1635 758 1658 i>
785 1621 892 1661 C’est
911 1622 1119 1674 pourquoi
1142 1621 1275 1662 l'abhe
1298 1624 1456 1675 Rupert
1479 1622 1564 1675 (liv.
1585 1634 1615 1663 11
1627 1636 1698 1663 sur

123 1690 231 1730 saint
251 1686 416 1740 Matth.)
438 1686 515 1726 1611
535 1698 780 1738 remarquer
799 1697 898 1738 que,
922 1686 1025 1725 dans
1053 1686 1301 1726 l’adoration
1333 1688 1404 1727 des
1436 1700 1598 1740 mages,
1620 1689 1649 1729 il
1669 1701 1697 1742 y

125 1754 238 1795 avait
257 1766 314 1793 un
336 1752 510 1805 preludo
533 1751 584 1791 de
603 1751 698 1804 plus
721 1752 882 1803 grande
901 1751 1133 1803 pei-fection
1155 1754 1178 1791 a
1198 1753 1317 1791 venir
1335 1765 1442 1804 pour
1462 1754 1520 1793 les
1539 1753 1718 1798 Gentils*

125 1831 206 1873 que
224 1831 332 1872 pour
352 1818 409 1857 les
429 1817 552 1858 JuifS.
577 1818 639 1856 En
661 1816 773 1865 effet,
798 1816 858 1856 les
877 1816 1053 1868 bergers
1081 1817 1196 1867 jutis,
1221 1817 1412 1857 instruite
1433 1830 1508 1870 par
1528 1818 1694 1871 l'Ange,

546 109 595 139 m
624 107 827 148 1611161151.
852 107 935 152 nes
955 98 1276 149 rnenmuanns.

930 1971 983 2007 615
1002 1971 1250 2008 conveniebat.
1271 1971 1366 2008 illud
1387 1971 1513 2009 dicere
1536 1982 1543 2008 ε
1576 1985 1589 2004 α
1611 1972 1698 2011 llaec

930 2018 1009 2054 dics
1032 2018 1122 2054 boni
1146 2018 1271 2055 nuntii
1300 2024 1369 2064 651,
1392 2019 1423 2055 51
1453 2019 1696 2065 tacuerimus,

930 2066 1082 2102 sceleris
1102 2077 1317 2112 arguentur.
1343 2081 1356 2099 n
1382 2068 1510 2114 ltaque
1544 2068 1699 2105 Domini

124 1973 312 2021 profuisse
343 1976 468 2018 posset
503 1971 664 2008 llerodes
695 1970 889 2017 obsequio,

153 2025 310 2058 uantum
345 2019 484 2066 profuit
516 2019 629 2062 odio;
652 2019 889 2065 quandoqui-

153 2079 213 2106 em
234 2079 299 2115 per
320 2067 412 2104 ittud
435 2067 508 2104 Rex
534 2067 594 2103 liic
615 2067 795 2113 paciticus
828 2077 891 2102 eos·

125 2117 290 2154 destinat
338 2115 383 2151 ad
432 2125 611 2151 corenam
651 2119 686 2150 et
718 2125 889 2157 regnum.

130 2176 145 2196 ι
168 2163 287 2207 Absit,
315 2168 350 2199 ut
384 2162 431 2198 ad
463 2161 677 2198 liberandos
718 2161 892 2198 hemines

125 2211 296 2249 Christus
316 2210 484 2254 veniens,
505 2210 713 2246 deilloruin
737 2210 891 2256 praemio

125 2259 190 2308 qui
210 2270 277 2306 pro
297 2269 341 2294 eo
362 2257 636 2294 interficientur
653 2257 746 2294 nihil
760 2258 890 2303 egerit,

125 2306 190 2354 qui
211 2306 382 2353 pendens
403 2305 442 2341 in
465 2305 567 2351 ligno
589 2316 654 2350 pro
676 2304 750 2341 ittis
771 2316 791 2340 a
813 2306 892 2351 qui-

124 2354 197 2391 bus
236 2351 532 2390 interficiebatur
564 2353 694 2397 oravit,
717 2365 734 2385 n
770 2352 892 2398 inquit

123 2402 285 2438 Sanctus
331 2399 575 2448 AugusUnm,
609 2411 722 2436 scrin.
764 2400 808 2436 ⁴3
846 2401 891 2436 dc

123 2447 350 2497 Epiphania.

174 2495 367 2535 Postremo
416 2495 614 2540 addamus,
657 2494 723 2531 hos
775 2494 892 2539 noges

124 2544 391 2590 magnificasse
410 2545 549 2589 negem
579 2546 749 2580 nostruin
785 2542 889 2579 Puci-

126 2590 243 2629 sscuin
264 2602 341 2629 non
363 2590 484 2628 solutu
508 2591 547 2628 in
567 2590 786 2627 adoratione
807 2590 888 2637 ista,

124 2638 190 2678 sod
211 2642 248 2677 61
279 2643 354 2676 tota
388 2638 630 2686 postmodum
652 2642 724 2674 vita
743 2654 751 2681 ς
774 2638 891 2674 inuno

125 2686 167 2724 in
200 2690 333 2731 morte,
355 2690 391 2723 et
425 2692 507 2733 post
540 2690 712 2723 inertem.
744 2686 785 2722 ln
820 2685 890 2722 vita

125 2733 295 2782 quidem,
314 2733 402 2781 quia
424 2738 461 2771 ut
480 2734 572 2771 dicit
591 2735 750 2771 Sanetus
770 2732 890 2779 Chry—

126 2786 330 2825 sonemus,
382 2781 486 2819 horn.
529 2780 575 2818 16
620 2781 658 2818 16
700 2780 889 2825 Matinum,

125 2828 318 2868 christum
347 2829 548 2876 alloquens
571 2839 579 2866 ι
600 2842 614 2860 ι
638 2828 804 2867 Adventu
828 2833 890 2865 tuo

127 2876 256 2922 Magos
271 2875 318 2914 ab
332 2874 486 2915 Oriente
508 2876 660 2920 vocasti.
676 2881 712 2913 et
726 2876 889 2921 Evange-

128 2921 232 2963 llstes
257 2935 322 2963 eos
351 2924 397 2962 ad
430 2934 497 2962 sua
530 2924 721 2963 remisisti.
747 2940 760 2957 n
785 2925 891 2962 Certe

930 2113 1087 2160 glorium
1111 2119 1183 2150 tres
1206 2114 1244 2150 lii
1277 2119 1387 2151 testes
1420 2114 1697 2170 irrefragabiles

932 2172 1017 2198 mox
1050 2161 1097 2197 ad
1130 2171 1196 2198 sua
1228 2162 1364 2198 reversi
1403 2166 1695 2207 annuntiarunt,

931 2219 1041 2255 quain
1064 2208 1180 2245 5161161
1202 2209 1341 2246 indicio
1363 2214 1398 2246 et
1417 2209 1576 2256 Spiritus
1590 2220 1709 2257 sanc--

933 2259 957 2292 ti
988 2257 1235 2293 instructione
1264 2257 1485 2293 didicerant.
1509 2257 1553 2292 Et
1583 2257 1615 2293 si
1649 2257 1696 2294 de

934 2303 1144 2341 Pastoribus
1181 2303 1342 2341 dicitur:
1372 2317 1385 2334 κ
1419 2304 1567 2341 Rcversi
1607 2309 1696 2343 sunt

930 2352 1185 2397 glorificantes
1216 2356 1252 2389 ct
1284 2351 1480 2388 laudantes
1516 2352 1633 2389 Deum
1654 2353 1696 2390 16

931 2399 1109 2437 omnibus
1146 2410 1229 2446 quae
1278 2398 1475 2436 audierant
1513 2404 1549 2435 et
1588 2401 1694 2438 vide-

933 2452 1041 2492 rant3
1066 2463 1079 2483 »
1106 2451 1244 2493 (166616
1283 2446 1401 2491 magis
1440 2447 1475 2483 id
1515 2448 1561 2484 de
1602 2448 1694 2494 ipsis

933 2505 1059 2531 verum
1081 2495 1163 2541 crit,
1186 2495 1249 2541 qui
1269 2493 1385 2540 gavisi
1421 2494 1568 2532 fuerant
1599 2505 1694 2542 gau-

930 2543 991 2579 dio
1014 2553 1149 2588 niagno
1172 2541 1290 2586 valde,
1311 2541 1569 2579 desiderantes
1593 2542 1695 2580 vide-

934 2602 969 2626 re
990 2601 1076 2627 euin
1099 2590 1205 2636 quus
1227 2589 1368 2625 vultuin
1391 2590 1578 2627 desiderat
1599 2591 1699 2634 uni-¹

932 2649 1035 2675 versa
1066 2642 1175 2682 terra,
1195 2635 1302 2683 cujus
1333 2648 1473 2674 nomen
1497 2641 1552 2675 est
1576 2652 1590 2670 α
1617 2638 1690 2674 De-

930 2685 1112 2723 sideratus
1149 2684 1296 2722 cunctis
1335 2684 1522 2730 gentibus.
1550 2699 1563 2717 ι»
1589 2684 1694 2724 Unde

931 2736 1033 2770 notat
1054 2732 1251 2779 importas,
1275 2731 1298 2767 Ι.
1319 2731 1363 2767 tt.
1384 2733 1423 2769 in
1439 2732 1629 2777 Matthaeo‚
1651 2733 1695 2771 in

929 2780 1146 2818 adoratione
1166 2779 1358 2824 Magorum
1394 2781 1575 2827 maiorem
1603 2790 1692 2827 per-

931 2828 1130 2866 fectionem
1189 2827 1519 2873 praesignificatam
1578 2826 1716 2874 fuisse,

929 2875 1113 2922 gentium.
1134 2883 1245 2921 quum
1267 2875 1497 2913 ludaeorum.
1524 2874 1694 2918 Pastores
1711 2895 1719 2899 „

928 2922 1030 2961 enim
1049 2922 1065 2960 J
1073 2921 1184 2970 udoei,
1206 2926 1242 2960 et
1260 2922 1307 2961 ab
1327 2923 1469 2973 Angeto
1501 2922 1694 2973 instructi,
1716 2930 1718 2935 ·
