1858 3184
176 163 259 204 ‘uo

233 253 294 293 De
315 263 361 292 ce
376 251 507 304 juste,
527 252 567 292 13
585 255 701 292 texte
720 252 1003 304 evangelique
1022 252 1083 293 dit
1106 264 1116 292 :
1140 267 1159 288 <t
1181 252 1214 293 11
1234 265 1264 305 y
1288 252 1405 293 avait
1434 265 1495 293 un
1527 252 1698 295 homme
1729 255 1756 295 a

179 317 428 365 Jerusalem,
448 319 618 357 nomme
639 317 826 367 Simeon,
845 318 958 369 juste
979 321 1023 357 et
1048 318 1273 369 craignant
1303 318 1422 368 Dieu,
1447 319 1519 371 qui
1548 319 1758 360 attendant

180 382 223 423 la
241 382 502 422 consolation
531 382 713 423 d’lsrael.
737 382 851 435 (Luc.
873 394 918 433 11,
941 382 1027 435 26.)
1050 398 1069 419 »
1105 383 1276 423 Paroles
1308 383 1412 423 dont
1443 384 1629 425 chacuue
1659 397 1685 424 a
1711 397 1758 426 sa

182 447 481 500 signification.
504 448 718 501 Pourquoi
739 447 847 487 est-il
867 448 928 487 dit
949 447 1050 500 qu'il
1070 447 1251 487 habitait
1270 448 1519 499 Jerusalem,
1541 449 1674 489 vision
1705 450 1758 490 de

180 513 223 554 la
242 514 355 566 paix‚
378 512 500 552 sinon
531 525 654 566 parce
687 525 768 564 que
800 525 876 552 son
907 525 1024 552 coeur
1055 517 1098 553 et
1130 525 1175 552 sa
1208 514 1450 554 conscience
1483 518 1676 567 exempte
1705 513 1758 555 de

180 578 346 618 trouble
373 578 623 630 jouissaient
655 578 706 617 de
738 579 779 617 la
804 578 904 630 paix
926 578 1183 618 interieure?
1205 579 1419 631 Pourquoi
1440 579 1550 619 est-il
1569 574 1630 619 dit
1655 578 1759 632 qu'il

181 643 399 696 s’appelait
419 643 607 691 Simeon,
623 643 982 690 obeissant‚sinon
1002 655 1126 695 parce
1146 643 1250 695 qu'il
1270 644 1493 696 s’efforeait
1513 645 1563 684 de
1584 645 1761 697 remplir
1791 666 1797 671 -

181 720 237 749 en
255 712 392 749 toutes
411 709 556 748 choses
574 709 616 748 la
634 707 804 748 volonte
825 708 994 748 divine?
1015 708 1230 760 Pourquoi
1250 709 1362 748 aussi
1380 708 1681 762 l’appelle-t-on
1696 722 1758 750 un

181 774 353 815 homme
369 773 482 826 juste
502 778 544 813 et
562 774 788 824 craignant
807 774 927 821 Dieu,
951 773 1074 812 sinon
1095 785 1220 824 parce
1254 773 1357 824 qu'il
1390 775 1555 825 gardait
1586 775 1759 827 l’equite

183 850 333 880 envers
353 839 391 878 le
411 835 722 891 prochaiu,une
743 838 903 878 erainte
924 839 1056 878 sainte
1076 843 1118 878 et
1138 838 1267 878 filiale
1287 851 1436 879 envers
1454 839 1761 892 Dieu‚n’ayant

178 904 405 945 d’horreur
425 916 506 956 que
525 911 634 957 pour
652 903 691 944 le
711 903 872 956 peche?
896 920 914 940 «
936 904 969 943 Il
988 905 1197 944 attendait
1210 905 1251 944 la
1264 904 1523 944 consolation
1536 905 1718 955 d’IsraeL
1735 920 1756 944 υ

183 981 268 1010 non
290 970 412 1022 point
430 982 514 1009 une
534 970 690 1009 felicite
711 969 962 1022 temporelle
982 975 1023 1008 et
1045 970 1287 1018 mondaine,
1317 970 1424 1009 mais
1443 969 1484 1010 la
1503 967 1761 1011 consolation

183 1035 417 1088 spirituelle
436 1035 618 1088 promise
639 1037 665 1075 a
683 1047 757 1075 son
780 1038 1048 1085 avenement‚
1063 1035 1136 1087 qui
1157 1039 1219 1074 est
1239 1035 1279 1074 la
1299 1047 1446 1075 source
1466 1035 1516 1075 de
1536 1038 1630 1076 tout
1644 1036 1758 1076 bien.

182 1101 520 1151 Effectivement‚
542 1100 580 1141 le
602 1100 890 1153 Saint·Esprit
908 1100 1090 1139 habitait
1121 1112 1174 1140 en
1206 1100 1267 1140 lui
1301 1113 1376 1152 par
1409 1112 1493 1140 une
1521 1102 1646 1152 grace
1666 1103 1759 1154 spe-

185 1165 304 1217 ciale,
327 1169 369 1206 et
387 1166 417 1205 il
438 1167 550 1206 avait
569 1178 666 1218 recu
688 1167 739 1206 de
758 1166 929 1218 l’Esprit
949 1169 1056 1205 cette
1077 1168 1256 1218 reponse
1277 1166 1382 1218 qu’il
1413 1178 1465 1206 ne
1495 1167 1654 1206 verrait
1686 1178 1762 1219 pas

185 1231 228 1272 la
246 1237 373 1281 mort,
394 1236 525 1272 avant
544 1231 702 1272 d’avoir
721 1244 778 1272 vu
798 1231 907 1271 celui
926 1231 1000 1283 qui
1020 1232 1161 1271 devait
1192 1232 1284 1271 oter
1309 1232 1350 1271 la
1370 1234 1495 1282 mort,
1519 1234 1717 1284 apporter
1736 1233 1763 1272 ὁ,

184 1300 282 1338 tous
300 1298 341 1337 la
360 1298 619 1337 consolation
639 1303 681 1337 et
700 1298 738 1337 le
759 1297 883 1336 salut.
906 1298 1028 1337 Aussi
1049 1309 1144 1336 sans
1164 1297 1240 1336 nul
1254 1296 1381 1336 doute
1395 1297 1650 1337 attendait·il
1663 1309 1764 1338 avec

185 1375 245 1403 un
266 1363 417 1403 ardent
436 1363 546 1403 desir
566 1366 674 1403 cette
693 1374 906 1415 promesse
926 1362 981 1402 du
1016 1362 1303 1415 Saint-Esprit
1334 1362 1438 1415 qu’il
1469 1362 1583 1402 avait
1612 1362 1764 1403 merite

187 1428 396 1469 d’obtenir
426 1441 504 1481 par
535 1441 599 1469 ses
631 1429 828 1469 ardentes
858 1429 1034 1481 prieres.
1065 1430 1200 1480 Jugez
1231 1440 1282 1468 en
1314 1428 1416 1468 effet
1447 1428 1519 1467 des
1555 1428 1764 1469 instancas

186 1493 316 1534 d’une
334 1494 472 1546 priere
505 1495 578 1547 qui
610 1494 760 1534 merite
791 1506 874 1534 une
895 1497 1071 1546 repense
1105 1494 1267 1534 divinet
1290 1493 1416 1541 Quels
1443 1493 1765 1546 gemissements

189 1559 379 1599 eontinus
411 1562 454 1599 et
484 1571 580 1599 sans
612 1559 984 1611 relael1e‚jusqu'a
1016 1571 1061 1599 ce
1094 1558 1196 1612 qu'il
1226 1559 1298 1598 eut
1317 1570 1415 1610 recu
1436 1558 1478 1598 la
1509 1560 1689 1611 reponse
1707 1557 1766 1599 du

189 1624 289 1665 ciel!
314 1625 527 1666 Plusieurs
546 1629 688 1665 autres
708 1625 875 1664 avaient
895 1638 947 1664 eu
968 1637 1028 1664 un
1048 1625 1159 1664 desir
1178 1623 1422 1672 semblable,
1437 1624 1554 1663 selon
1569 1624 1609 1664 la
1623 1622 1767 1676 parole

190 1690 250 1731 du
268 1691 449 1731 Maitre:
477 1704 496 1728 α
515 1690 728 1730 Plusieurs
749 1690 848 1729 Rois
877 1693 920 1730 et
952 1690 1180 1742 Prophetes
1211 1693 1287 1730 ont
1317 1689 1445 1729 voulu
1478 1690 1568 1729 voir
1599 1701 1644 1729 33
1683 1701 1767 1741 que

190 1767 295 1797 vous
313 1767 460 1808 voyez,
476 1756 677 1796 entendre
697 1767 742 1795 ce
763 1768 844 1807 que
866 1768 968 1795 vous
988 1755 1208 1804 entendez,
1232 1759 1312 1795 etc.
1335 1770 1355 1790 »
1382 1755 1497 1804 Mais,
1515 1754 1654 1807 parmi
1673 1759 1768 1795 tous

191 1821 375 1871 ceux—la,
398 1824 506 1861 cette
525 1822 648 1873 grace
667 1821 732 1861 fut
751 1821 1050 1873 specialement
1078 1821 1277 1860 aecordee
1309 1822 1334 1860 a
1366 1821 1552 1869 Simeon,
1575 1821 1763 1873 lorsque,

590 174 637 203 La
668 173 872 204 nmmum.
898 173 973 203 nes
1003 164 1322 204 nemen-auus.

193 1957 262 1987 cus
293 1952 416 1984 textus
452 1957 460 1983 :
488 1960 501 1978 «
538 1947 635 1983 Ecce
668 1946 782 1983 homo
813 1949 892 1982 erat
922 1945 961 1982 in
1001 1950 1057 1982 est
1088 1945 1214 1982 omnis
1264 1944 1368 1982 boni.
1410 1945 1559 1981 Etenim
1605 1943 1768 1991 Spiritus

190 1994 416 2039 Jerusalem,
450 1995 604 2030 Simeon
643 1994 812 2038 nomine,
838 1994 962 2040 justus

193 2046 231 2081 et
262 2043 471 2088 timoratus,
493 2046 697 2088 expectans
729 2042 962 2078 consolatio-—

194 2100 285 2128 nem
307 2091 437 2134 Israel,
458 2106 471 2122 »
496 2100 579 2136 quse
612 2090 761 2135 singula
794 2090 961 2136 pondere

194 2139 232 2176 di
262 2150 310 2176 na
330 2144 430 2175 suut.
455 2138 550 2182 Quid
572 2143 627 2174 est
647 2138 749 2173 enim
771 2138 870 2184 quod
894 2138 961 2173 lia-

190 2185 233 2224 bi
251 2197 314 2223 are
335 2186 373 2222 in
394 2186 600 2222 Jerusalem
627 2185 779 2230 dieitur,
803 2186 873 2222 hoc
907 2189 963 2221 cst

192 2234 236 2271 in
256 2233 399 2271 visione
421 2234 537 2280 pacis,
561 2234 631 2270 nisi
667 2233 754 2279 quin
786 2233 866 2279 ejus
897 2244 962 2269 eor

195 2286 232 2319 et
251 2282 484 2318 conscientia
504 2281 654 2317 iuterna
686 2281 844 2317 omuino
872 2291 962 2327 pace

194 2329 455 2377 perimebatur
475 2339 607 2375 expers
640 2328 933 2374 perturbationis
950 2330 963 2364 ?

195 2377 291 2422 Quid
313 2381 369 2413 est
389 2377 485 2431 quoii
509 2377 540 2412 ri
562 2381 639 2412 emt
676 2387 815 2412 nomen
848 2377 961 2412 Sime-

193 2435 260 2469 on,
281 2424 378 2471 quod
403 2424 501 2461 ulem
523 2428 576 2461 cst
596 2436 640 2460 ae
661 2423 859 2468 obi-diem,
888 2423 960 2460 nisi

195 2472 294 2520 quod
315 2473 483 2509 (livinum
499 2473 539 2508 in
554 2471 735 2508 omuibus
756 2471 963 2508 conabatur

194 2519 402 2567 adimplere
440 2520 702 2557 voluntatem?
739 2521 811 2555 Cur
850 2519 960 2555 etiam

196 2566 311 2604 homo
344 2567 469 2613 justus
508 2571 542 2603 et
581 2567 778 2603 timot-utus
809 2566 961 2610 dieitur,

194 2614 269 2653 nisi
308 2615 394 2662 quin
435 2626 522 2661 erga
562 2615 776 2660 proximum
807 2626 962 2651 omnem

196 2662 365 2699 servabat
422 2662 664 2709 aquitaneum
704 2673 791 2705 crini
845 2663 960 2698 Deum

195 2714 369 2748 sunctum
403 2715 439 2745 et.
468 2710 622 2747 tiliulcm
653 2710 841 2751 timorem,
865 2709 960 2747 nillil

194 2757 296 2795 aliud
331 2758 637 2804 perhorrescens,
659 2768 769 2804 qitum
803 2758 884 2803 ejus
911 2759 964 2793 ot'-

195 2804 407 2843 sensionem
423 2807 437 2842 i·
456 2819 468 2836 υ
488 2805 715 2851 Expeetuluit.
729 2810 852 2842 nutem
875 2816 962 2841 eou-

196 2853 419 2890 solationem
465 2853 592 2897 1111331,
617 2870 630 2887 ι,
664 2864 738 2889 uon
780 2857 962 2899 temporu-

196 2899 287 2943 lem.
327 2911 403 2937 non
444 2902 675 2938 mundonem
729 2901 961 2944 felicitatem,

196 2948 261 2985 sed
321 2948 517 2985 remissam
550 2948 851 2986 consolationem
891 2947 963 2995 spt-

197 2994 293 3032 ritua
312 3006 371 3032 em
394 2996 431 3033 in
452 2996 614 3033 adventu
646 2996 764 3039 illius,
787 2996 851 3042 qui
879 2996 963 3032 sons

1001 1994 1160 2029 Sanctus
1181 1993 1221 2029 in
1242 2004 1285 2029 eo
1307 1997 1385 2029 erat
1405 2003 1470 2039 per
1501 1991 1661 2039 gratiam
1686 2002 1769 2040 spe·

1000 2041 1135 2077 cinlcm
1160 2040 1347 2085 habitam,
1364 2044 1399 2077 ct
1421 2049 1643 2087 responsum
1663 2049 1769 2077 acee—

1003 2093 1104 2136 perat
1131 2088 1178 2124 al)
1213 2089 1294 2132 illo,
1318 2099 1395 2125 non
1416 2088 1584 2124 visurum
1605 2098 1644 2124 se
1671 2097 1770 2124 mor·

1003 2142 1091 2179 tem,
1115 2136 1185 2172 uisi
1228 2137 1332 2182 prius
1371 2136 1511 2172 videret
1550 2135 1675 2180 illum,
1704 2134 1771 2182 qui

1001 2184 1193 2220 ablaturus
1225 2189 1303 2220 erat
1323 2188 1498 2228 mortem,
1520 2188 1555 2219 ct
1585 2183 1768 2219 allaturus

1001 2232 1178 2268 omuibus
1199 2231 1498 2268 consolationem
1526 2240 1570 2267 ac
1590 2230 1765 2267 sulutem.

1005 2280 1108 2317 Unile
1136 2279 1277 2326 absque
1296 2278 1427 2322 dubio,
1448 2259 1595 2315 ardenti
1624 2277 1770 2314 deside—

1003 2328 1056 2364 rio
1077 2326 1296 2374 expectabat
1327 2326 1425 2363 hanc
1456 2326 1615 2372 Spiritus
1641 2325 1768 2363 Sancti

1003 2375 1442 2422 protiiissionetn,quant
1482 2373 1593 2409 etium
1633 2373 1768 2410 urden-

1003 2423 1157 2459 tissiutis
1196 2422 1368 2470 precibus
1414 2421 1518 2468 prius
1567 2421 1768 2467 impetrare

1004 2475 1202 2507 uici-uertit.
1226 2474 1407 2514 Quaenam
1427 2469 1545 2513 euim,
1567 2473 1689 2515 putas,
1706 2468 1767 2505 dc-

1004 2518 1082 2555 buit
1121 2530 1202 2554 esse
1239 2516 1418 2554 orationis
1459 2517 1652 2559 instantia,
1684 2525 1768 2562 qum

1002 2567 1130 2602 divino
1171 2565 1305 2602 meruit
1363 2564 1503 2600 tii-muri
1555 2566 1767 2610 responso?

1003 2614 1164 2658 Quinam
1185 2612 1359 2659 gemitus,
1381 2616 1416 2647 et
1437 2622 1548 2658 quam
1577 2611 1767 2654 continui.

1002 2661 1179 2708 equibus
1219 2671 1293 2697 non
1334 2660 1506 2703 cessavit,
1533 2660 1655 2696 ‹loncc
1695 2669 1771 2695 res-

1004 2719 1164 2756 ponsum
1203 2707 1351 2744 emlitus
1396 2708 1614 2754 acciperet?
1654 2706 1769 2743 Fuere

1003 2757 1113 2793 multi
1132 2755 1246 2792 siutili
1269 2754 1455 2792 desiderio
1487 2754 1654 2798 accensi,
1677 2758 1769 2790 teste

1007 2805 1164 2841 llomiuo
1188 2813 1195 2839 :
1221 2819 1233 2835 u
1255 2802 1359 2839 Multi
1377 2803 1492 2847 Reges
1511 2807 1547 2839 et
1575 2801 1769 2856 Prophetae

1005 2852 1201 2888 voluerunt
1239 2850 1362 2886 videre
1400 2861 1483 2905 qum
1517 2860 1581 2887 vos
1619 2848 1768 2893 videtis,

1001 2899 1131 2935 audire
1151 2908 1234 2944 quie
1257 2909 1318 2934 vos
1338 2898 1490 2941 auditis,
1506 2902 1576 2935 ete.
1596 2911 1610 2931 υ
1637 2896 1703 2934 sed
1722 2906 1767 2932 ex

1004 2946 1077 2983 illis
1099 2946 1170 2983 hoe
1196 2946 1409 2993 specialiter
1431 2946 1519 2983 huic
1544 2953 1766 2982 concessum

1003 2994 1086 3039 t'uit,
1106 2994 1197 3030 dum
1238 2994 1275 3030 in
1315 2993 1555 3041 plenitudino
1586 2990 1768 3039 temporis
