1858 3184
673 143 778 185 rire
803 152 859 184 nn
887 142 1143 187 n'tl’lrnnuss

1629 146 1711 201 683

138 232 413 285 temoignage
432 231 505 285 qui
525 230 584 273 les
602 231 891 273 conveincrait
909 232 961 274 de
980 244 1214 286 mensonge
1234 245 1342 287 pour
1362 245 1444 275 eux
1463 237 1504 276 et
1524 234 1577 277 de
1594 237 1713 280 vetn-

136 297 218 341 cite
237 299 382 341 contre
399 309 496 338 eux.
521 297 759 349 Inter-roges
778 297 1091 341 effectivement
1110 311 1184 339 sur
1204 298 1244 338 la
1264 300 1458 351 question
1489 300 1540 341 de
1572 301 1712 346 saveir

136 364 193 409 on
211 361 384 406 nattnait
405 362 444 402 le
463 361 617 412 Christ,
640 361 691 401 ils
710 363 950 406 consultant
969 364 1029 405 165
1047 363 1206 405 eracles
1225 364 1297 404 des
1317 356 1527 406 Ecritures
1547 370 1589 406 et
1614 370 1711 410 sont

135 428 369 472 oontreints
387 427 439 468 de
459 427 666 480 repondre
690 439 699 467 :
723 442 742 466 (ι
762 430 796 469 Α
819 429 1035 469 Bethleem
1056 429 1107 470 de
1127 429 1149 470 J
1156 429 1254 477 uda,
1269 443 1289 466 n
1315 443 1386 470 car
1405 430 1456 470 ils
1476 432 1647 473 avaient
1664 431 1709 474 lu

132 493 238 535 ecrit
260 505 269 532 ε
298 507 318 531 α
337 494 389 534 Et
408 493 481 543 toi,
503 492 735 543 Bethleem,
759 497 869 533 terre
889 494 940 534 (16
960 495 982 536 J
991 494 1088 543 ude,
1111 498 1157 534 tu
1179 493 1267 534 n'es
1285 495 1405 548 point
1442 495 1482 535 le
1519 497 1710 538 moindre

131 556 205 601 des
224 558 475 611 principales
495 557 615 598 villes
634 558 684 598 de
704 558 727 599 J
733 558 830 608 uda,
853 571 925 598 cer
950 559 1000 600 de
1021 560 1080 599 toi
1100 559 1256 599 sortire.
1275 561 1383 600 celui
1405 561 1476 613 qui
1498 561 1588 601 doit
1610 575 1711 615 gon.

67 675 69 677 ι
132 634 283 668 vernet
302 635 402 664 mon
421 622 586 675 peuple.
609 622 748 676 (Mat-k.
774 635 815 674 v,
837 624 926 676 34.)
947 639 967 661 »
994 626 1108 664 Nous
1142 637 1272 664 avons
1305 625 1400 678 dejn
1434 627 1548 679 parte
1582 627 1633 667 de
1664 639 1709 667 66

132 690 261 735 texte.
284 690 309 728 ὁ,
326 699 479 741 propos
498 687 549 729 de
570 687 609 727 la
630 688 848 728 neissance
868 689 924 729 du
947 691 1155 740 Sauveur‚
1178 693 1221 730 et
1240 703 1403 731 comme
1423 690 1453 731 il
1474 704 1499 731 6
1526 692 1709 733 diverses

131 752 332 803 versione,
353 765 407 792 06
439 757 539 806 peut
558 753 635 794 lire
649 766 702 793 en
721 758 785 793 cet
803 755 967 794 endroit
986 766 1032 795 ce
1053 767 1133 808 que
1154 768 1260 795 nous
1279 768 1332 796 en
1354 769 1487 796 avons
1517 757 1614 809 deje
1646 757 1709 799 dit

130 821 175 859 et
188 829 238 856 ce
253 817 378 871 qu’en
399 818 532 858 disent
551 818 608 858 les
628 819 890 871 interpretes.
907 820 1226 860 Bornons-nous
1241 823 1265 860 6
1280 821 1369 861 «lire
1391 822 1442 861 ici
1462 834 1560 862 avec
1580 822 1706 873 saint,

132 883 342 935 Angustia
365 883 375 905 ¹
394 895 428 922 1«
443 885 502 924 La
518 883 659 924 divine
678 885 933 925 Providence
955 898 1007 925 ne
1028 886 1287 926 voulait-elle
1302 899 1375 940 pas
1391 900 1496 927 nous
1519 892 1709 928 montrer

131 959 210 1002 pur
239 947 281 988 16
312 961 393 1001 que
423 948 482 988 les
512 949 622 989 Juifs
652 961 703 989 ne
736 951 1074 990 conserve-ratem
1108 952 1201 1004 plus
1239 964 1319 1004 que
1340 952 1397 992 les
1418 954 1546 992 saints
1566 954 1706 1003 livres,

130 1024 240 1069 pour
258 1013 433 1054 eclairer
451 1014 511 1052 les
532 1014 689 1056 Gentils
709 1017 750 1054 et
775 1015 1011 1067 s'aveugter
1043 1016 1332 1057 eux-memes?
1354 1017 1602 1058 N¹oublions
1635 1031 1708 1072 pas

131 1078 331 1118 toutefois
363 1079 554 1119 combien
587 1091 633 1119 ce
667 1084 976 1132 rayonnement
1008 1081 1059 1121 (16
1094 1081 1133 1120 la
1166 1082 1297 1122 verite
1332 1083 1438 1122 (1665
1459 1083 1617 1135 l’esprit
1636 1083 1707 1125 des

132 1154 280 1195 mages
298 1143 377 1183 fait
395 1144 587 1183 ressortir
606 1144 935 1196 l’aveuglement
954 1146 1026 1185 des
1045 1147 1066 1186 J
1073 1147 1170 1186 uifs.
1195 1148 1270 1186 Les
1292 1148 1496 1199 premiers
1512 1148 1709 1189 venaient

130 1207 224 1247 voir
243 1209 280 1247 le
301 1209 448 1249 Messie
468 1209 571 1249 dans
591 1210 630 1249 16
650 1222 754 1262 pays
786 1210 837 1250 (16
867 1211 1045 1260 ceux-ci,
1068 1215 1110 1251 et
1142 1213 1311 1251 ceux-ei
1339 1226 1390 1252 ue
1423 1211 1478 1265 l’y
1509 1214 1710 1266 voyaient

130 1272 266 1326 point.
287 1272 340 1313 115
360 1273 399 1313 16
418 1276 663 1314 trouverent
680 1275 815 1327 parmi
836 1287 919 1314 eux
938 1288 1034 1315 sous
1066 1276 1107 1316 16
1140 1277 1275 1317 forme
1308 1277 1407 1317 d’un
1444 1278 1594 1318 enfant
1613 1291 1708 1322 sans

131 1337 294 1394 parole,
316 1341 357 1378 et
376 1351 458 1378 eux
478 1339 516 1378 16
536 1340 750 1379 renierent
771 1341 913 1392 quand
946 1341 974 1379 il
1008 1342 1248 1394 enseignait
1279 1354 1334 1382 en
1365 1343 1457 1383 leur
1490 1346 1704 1395 presence.

132 1403 345 1445 Aecourus
364 1404 415 1443 de
434 1404 617 1453 loin‚des
638 1407 857 1456 eti-angers
876 1405 1103 1446 adorerent
1122 1408 1258 1459 parmi
1277 1420 1361 1447 eux
1383 1408 1420 1447 le
1442 1409 1581 1448 Christ
1602 1409 1708 1450 dans

134 1479 192 1507 un
225 1468 373 1508 enfent
405 1469 477 1522 qui
509 1481 562 1509 ne
594 1469 718 1508 (115611
750 1470 839 1509 rien
870 1482 1044 1519 eucore;
1072 1476 1115 1511 et
1146 1484 1243 1520 eux,
1264 1485 1329 1511 ses
1362 1474 1647 1526 coneitoyens‚
1669 1474 1709 1515 le

131 1533 398 1573 crucifierent
417 1534 520 1573 dans
540 1535 580 1574 16
599 1535 780 1586 vigueur
799 1535 851 1575 de
872 1535 982 1587 l’ege
1003 1540 1044 1576 et
1076 1536 1265 1589 lorsqu'il
1297 1537 1438 1577 faisait
1470 1538 1542 1578 des
1576 1539 1706 1580 mira·

130 1596 231 1638 cles.
253 1599 330 1639 Les
349 1611 429 1638 665
447 1599 486 1639 16
507 1603 790 1639 reconnureut
809 1613 916 1652 pour
935 1601 1027 1640 leur
1046 1601 1151 1640 Dieu
1174 1602 1337 1654 malgre
1372 1602 1413 1642 la
1447 1603 1639 1644 feiblesse
1660 1603 1711 1645 de

131 1675 196 1703 ses
215 1663 436 1712 membres,
460 1668 502 1704 et
521 1665 579 1703 165
599 1669 740 1704 autres
761 1665 1088 1717 n'epargnerent
1122 1680 1196 1719 pas
1233 1670 1369 1707 meme
1391 1680 1466 1707 son
1487 1668 1710 1710 1166166116

131 1727 297 1780 malgre
317 1729 357 1768 16
377 1729 594 1782 puissance
613 1730 665 1769 (16
685 1742 749 1769 565
770 1742 950 1770 oeuvres.
974 1731 1078 1772 Mais
1098 1732 1310 1772 devait-on
1332 1734 1419 1772 etre
1440 1734 1534 1786 plus
1563 1734 1709 1787 frappe

131 1793 184 1833 de
203 1793 296 1834 voir
314 1806 396 1834 666
421 1794 547 1834 616116
568 1795 764 1835 nouvelle
784 1795 929 1834 briller
949 1808 1003 1835 au
1023 1802 1213 1836 moment
1234 1797 1285 1836 de
1305 1809 1351 1836 sa
1371 1797 1604 1848 naissance,
1627 1810 1709 1851 que

129 1857 181 1898 de
226 1858 318 1898 voir
362 1858 402 1898 16
447 1859 564 1899 561611
591 1858 837 1899 s'obseurcir
868 1872 921 1899 au
955 1865 1144 1900 moment
1175 1861 1226 1900 de
1271 1874 1316 1901 56
1363 1862 1514 1914 610117)
1557 1862 1706 1915 (serm.

131 1933 195 1971 cc,
218 1923 276 1976 3.)
296 1924 350 1963 Ce
371 1924 443 1975 qui
476 1924 535 1963 165
564 1924 669 1963 rend
702 1936 853 1963 encore
885 1925 1103 1978 beaucoup
1134 1926 1227 1977 plus
1258 1926 1568 1978 inexcusables,
1610 1928 1709 1968 c’est

131 2000 229 2040 que,
251 1993 380 2040 ayant
400 1992 465 2029 ete
485 1989 720 2040 interroges
742 2002 816 2042 par
837 1990 896 2029 165
916 2002 1074 2041 mages,
1100 1991 1150 2030 ils
1180 1992 1271 2031 leur
1302 1992 1526 2044 indiquent
1552 1993 1591 2033 16
1621 1994 1707 2033 1166

176 2096 186 2117 ¹
206 2095 302 2127 Nous
321 2104 433 2128 avons
451 2096 578 2128 retehli
596 2096 785 2138 l'integrite
805 2097 848 2129 de
869 2106 907 2129 ce
928 2097 1021 2129 11666
1050 2099 1157 2136 texte,
1171 2107 1239 2139 que
1263 2098 1445 2135 Μαι-611661
1457 2098 1550 2130 avait
1565 2098 1706 2141 abrege-

131 2141 234 2184 (Note
253 2142 300 2174 du
321 2142 556 2185 Traducteur.)

129 2255 227 2296 ferre
260 2257 517 2293 testimonium
552 2257 598 2292 (16
636 2257 719 2293 1060
754 2257 918 2294 Nzitivi-‘
940 2274 953 2289 «ι
979 2258 1075 2302 Quid
1096 2269 1160 2304 per
1182 2259 1253 2295 hoc
1272 2259 1374 2294 aliud
1398 2258 1625 2305 significavit
1644 2259 1705 2297 di-

130 2303 217 2342 16115
236 2303 396 2347 Messiae‚
418 2315 490 2350 quo
519 2304 670 2351 ipsimet
690 2306 896 2341 convince·
938 2305 1024 2341 vinu
1057 2305 1307 2350 Providentia,
1330 2307 1404 2343 nisi
1425 2307 1524 2354 apud
1555 2307 1706 2350 Judaecs

131 2355 274 2395 rentur,
295 2351 497 2388 mendaces
517 2363 538 2387 a
560 2363 611 2396 se,
630 2362 780 2388 veraces
801 2362 895 2388 con-

130 2401 187 2434 tra
219 2408 271 2434 se.
296 2399 469 2446 Inquisiti
498 2400 602 2436 enim
634 2400 699 2435 ubi
728 2400 898 2436 Christus

130 2450 360 2490 nasceretur,
419 2447 571 2485 oracula
620 2448 895 2493 scripturarum

130 2492 372 2531 consulentes
408 2499 594 2542 coguntur
631 2495 858 2540 respondere
886 2506 893 2531 :

132 2553 147 2571 ι
173 2539 217 2575 16
248 2539 439 2581 Bethleem
469 2542 589 2586 Iudae,
614 2558 628 2576 »
653 2543 741 2588 quia
773 2543 894 2588 scrip-

126 2590 210 2624 tum
233 2586 356 2632 legent
375 2598 383 2624 :
410 2599 424 2620 e
446 2589 490 2626 Et
510 2594 549 2626 tu
572 2589 778 2633 Bethleem,
801 2595 897 2626 terra

126 2634 484 2681 J.uda‚nequaquam
498 2638 657 2675 minima
678 2647 716 2673 65
734 2637 772 2673 111
795 2638 895 2673 PrIn·

128 2681 278 2734 cipibus
297 2681 405 2727 Juda,
428 2693 473 2719 ex
493 2688 528 2720 te
559 2685 662 2721 enim
696 2684 793 2722 exiet
817 2686 894 2721 Dux

130 2737 193 2778 qui
216 2733 317 2775 regat
335 2730 519 2776 populum
550 2742 691 2769 meum.
714 2747 726 2763 n
755 2733 804 2768 De
827 2732 896 2769 hac

129 2774 314 2822 scriptura
342 2777 500 2823 egimus,
524 2788 611 2817 cum
629 2780 675 2816 de
697 2779 896 2817 Nativitatc

129 2821 283 2865 Domini
313 2824 580 2871 disseruimus;
601 2832 637 2864 61
669 2828 757 2874 quia
778 2828 896 2864 varias

130 2869 243 2911 habet
279 2870 476 2924 lectiones,
510 2873 626 2917 videri
660 2880 818 2922 possunt
850 2876 895 2911 de

128 2927 174 2971 ⁶⁸?
195 2928 344 2971 ,11655161
382 2919 622 2966 Interpretes.
652 2922 740 2960 Haec
772 2923 895 2959 sotum

126 2964 292 3005 dicimus
333 2975 421 3004 cum
466 2972 595 3009 sancto
637 2970 843 3020 Augustino
884 2981 893 3008 :

937 2354 1034 2390 solas
1070 2353 1217 2390 divinas
1266 2354 1406 2390 litteras
1452 2365 1702 2402 remansuras,

937 2400 1073 2447 quibus
1098 2405 1228 2447 gentes
1250 2402 1538 2445 instruerentur,
1559 2402 1615 2438 illi
1643 2413 1707 2439 ex-

936 2451 1196 2485 caecarentur?
1222 2449 1456 2486 tllumiuutio
1486 2451 1589 2486 enim
1622 2449 1703 2488 Ma.-

936 2506 1087 2541 1101616,
1127 2497 1388 2534 testimonium
1427 2501 1481 2533 est
1525 2497 1706 2536 caecitatis

934 2544 1165 2586 Judaeorum,
1186 2544 1278 2580 duni
1307 2545 1364 2580 illi
1394 2545 1434 2580 in
1455 2555 1586 2582 eorum
1607 2551 1705 2584 terra

935 2601 1021 2627 eum
1042 2592 1254 2636 requirunt,
1275 2601 1386 2637 quem
1418 2592 1454 2627 hi
1476 2593 1515 2628 in
1537 2603 1604 2628 sua
1624 2602 1704 2633 606

934 2638 1210 2684 agnoscebant;
1232 2639 1323 2675 dum
1353 2639 1409 2675 illi
1428 2639 1474 2675 de
1496 2639 1702 2688 longinquo

937 2686 1140 2729 venientes,
1182 2697 1341 2732 puerum
1380 2687 1551 2724 nondum
1589 2687 1703 2726 verba

936 2738 1171 2779 promentem
1190 2734 1362 2779 adorant,
1384 2744 1497 2779 quem
1523 2735 1560 2771 hi
1582 2736 1700 2775 mira-.-

934 2780 1020 2816 cula
1058 2782 1257 2817 facientem
1302 2782 1555 2828 cruciligunt3
1595 2783 1701 2830 quasi

935 2828 1019 2873 plus
1042 2828 1151 2864 fuerit
1171 2829 1296 2865 videre
1322 2839 1460 2866 novam
1491 2830 1641 2869 stellam
1660 2830 1702 2868 in

934 2875 1015 2921 ejus
1036 2875 1233 2913 Nativitate
1257 2876 1480 2923 fulgentem,
1503 2888 1615 2924 quam
1636 2889 1702 2917 56·

934 2922 1008 2958 lem
1028 2922 1069 2959 in
1089 2923 1170 2969 eJus
1188 2928 1308 2961 morte
1329 2925 1534 2971 lugentem.
1561 2940 1574 2957 n
1594 2926 1703 2967 1661-

934 2969 1119 3007 6656111165
1135 2981 1220 3008 vero
1237 2972 1357 3018 magis
1370 2972 1593 3018 redduntur,
1607 2973 1700 3012 dum
