1858 3184
68 2407 73 2413 ·
114 2393 209 2442 ngas
227 2405 329 2439 eum,
343 2405 387 2432 ac
406 2395 545 2431 servias
559 2395 593 2431 ei
615 2395 654 2430 in
672 2399 746 2430 toto
762 2393 874 2429 corde

1579 143 1658 183 545

89 238 208 276 votre
227 234 333 276 Dieu
353 234 578 275 cit-concire
596 237 714 274 votre
734 245 849 274 coeur
869 238 909 273 et
923 234 962 274 le
983 245 1097 274 coeur
1116 232 1167 274 de
1189 244 1261 272 vos
1281 233 1461 281 enfants,
1476 232 1562 273 afin
1577 242 1660 286 qne

91 310 198 341 vous
215 300 364 341 aimiez
382 300 421 341 le
442 299 649 351 Seigneur
668 301 785 339 voire
806 299 910 338 Dieu
931 299 981 339 de
1001 301 1116 338 toute
1138 301 1254 338 votre
1275 298 1369 337 Amo
1390 302 1431 337 et
1453 308 1535 350 que
1554 308 1659 336 vous

91 366 269 420 puissiez
298 365 428 406 vivre.
463 364 572 419 (xxx,
595 362 652 417 6.)
683 380 703 400 »
738 365 790 404 Et
821 376 1002 404 encore:
1030 377 1049 402 «
1072 363 1333 403 Maintenant
1362 362 1483 411 donc,
1507 362 1656 412 Israel,

95 431 291 486 qu'est-ce
312 442 392 484 que
411 430 450 471 ie
470 429 679 481 Seigneur
696 432 815 468 votre
836 429 941 469 Dieu
963 428 1169 468 demande
1193 428 1244 467 de
1274 439 1395 474 vous,
1416 427 1539 466 sinon
1575 437 1659 479 que

93 508 197 537 vous
215 496 425 548 craigniez
445 495 482 535 le
503 494 709 546 Seigneur
729 498 844 533 votre
866 494 986 542 Dieu‚
1010 505 1092 546 que
1111 505 1214 532 vous
1233 492 1443 532 marchiez
1464 492 1570 532 dans
1594 502 1658 530 ses

94 562 222 613 veios,
246 573 327 614 que
347 571 448 600 vous
466 559 660 607 l'eimiez,
683 571 764 612 quc
798 572 901 598 vous
921 559 1077 598 serviez
1099 558 1138 598 le
1170 557 1377 610 seigneur
1408 560 1527 596 votre
1554 555 1662 596 Dieu

98 628 150 668 de
168 629 260 667 tout
278 629 394 666 votre
413 636 529 666 coeur
556 614 614 665 et⁸
631 625 681 665 de
714 628 829 665 toute
865 628 981 663 voire
1014 622 1186 663 smel..
1218 625 1331 675 Ayez
1362 622 1471 662 donc
1499 620 1589 660 soin
1611 620 1663 660 (1ο

96 691 320 732 circoncire
338 692 456 730 voire
475 701 605 739 coeur,
628 692 670 729 et
690 701 743 729 ne
757 702 862 728 vous
882 688 1142 729 endureissez
1163 699 1235 740 pas
1257 687 1511 738 davantage.
1536 685 1590 738 (x,
1615 686 1663 726 12

96 759 138 797 et.
157 755 240 808 16.)
261 771 281 793 »
303 755 410 796 c’est
428 755 466 795 le
500 756 636 795 meme
669 756 987 804 avertissement
1015 765 1096 806 que
1132 765 1238 800 nous
1269 752 1459 792 donnons
1488 751 1661 803 aujour-

96 820 211 861 d’hui
231 822 257 861 ὲ,
274 823 368 861 tous
387 833 401 860 -:
423 822 535 873 Ayez
555 820 647 859 soin
667 819 717 859 de
738 819 963 860 circum-ire
984 824 1101 858 votrc
1122 830 1256 866 coeur3
1280 816 1524 858 ret1·anchez
1544 818 1664 857 toute

95 886 316 939 imputete,
339 887 432 925 tout
449 885 768 938 empechement
787 885 836 924 de
857 898 986 933 eoeur,
1017 884 1098 923 utin
1119 884 1169 924 de
1191 883 1367 936 pouvoir
1398 882 1531 922 aimer
1557 881 1664 922 Dieu

97 951 195 991 d'un
217 951 374 1004 parfait
392 963 554 991 amour.
578 951 687 991 G'est
704 963 812 1003 pour
831 950 919 990 cela
940 961 1021 1002 que
1042 949 1079 989 le
1100 949 1239 989 Christ
1270 948 1364 988 s'est
1398 947 1475 988 fait
1500 947 1663 988 circon-

96 1017 181 1057 circ
199 1028 307 1070 pour
325 1028 442 1056 vous.

149 1083 192 1123 2⁰
213 1081 422 1130 Qu'est-ce
441 1079 631 1135 qu’avoir
650 1081 709 1120 les
729 1079 894 1120 oreilles
914 1080 1174 1129 eii-conciseS,
1196 1079 1319 1118 sinon
1356 1078 1413 1118 tes
1444 1077 1562 1117 avoir
1581 1088 1660 1116 ou-

98 1150 235 1188 vertes
255 1159 339 1186 aux
359 1146 697 1187 avertissements
717 1150 759 1185 et
780 1159 862 1185 nux
883 1146 1153 1197 inspirations
1173 1144 1223 1183 de
1244 1145 1365 1192 Dieu,
1388 1155 1471 1183 aux
1493 1142 1580 1182 avis
1594 1141 1667 1182 des

101 1215 244 1264 Auges
263 1214 306 1251 et
324 1211 375 1251 de
396 1213 490 1251 tons
509 1223 614 1251 ceux
635 1211 704 1263 qui
729 1213 802 1250 ont
822 1212 910 1250 soin
933 1211 983 1249 de
1004 1223 1122 1258 nous,
1145 1212 1170 1249 ἐι
1189 1209 1229 1248 la
1250 1208 1390 1260 parole
1411 1208 1461 1247 de
1493 1207 1599 1248 Dieu
1626 1208 1670 1247 et

102 1289 188 1317 anx
206 1276 498 1316 exhortatione
518 1276 687 1326 saintes,
702 1288 808 1328 pour
829 1289 880 1314 ne
900 1288 974 1327 pas
995 1276 1162 1314 resistet*
1182 1287 1235 1313 au
1251 1272 1555 1325 Saint-Esprit?
1579 1287 1598 1310 «
1612 1273 1670 1312 Le

101 1341 375 1394 voluptucmx,
414 1342 474 1380 dit
506 1340 847 1394 l’Eccle'se‘aste’que
877 1340 978 1391 (xxi,
1018 1339 1100 1392 18.)
1130 1352 1152 1379 a
1187 1338 1367 1378 entendu
1408 1351 1490 1377 nne
1526 1337 1672 1390 parole

102 1418 202 1459 sege
224 1410 266 1446 et
286 1406 313 1446 it
334 1406 388 1446 l’a
408 1406 562 1457 rejetee
583 1406 766 1445 deri-iere
789 1406 861 1444 lui.
887 1420 905 1443 υ
932 1405 1174 1457 Pourquoi?
1194 1405 1323 1444 Parce
1344 1402 1448 1455 qu'il
1469 1407 1531 1442 est
1550 1402 1672 1442 incir-

101 1471 241 1511 concis
261 1471 467 1511 d’oreilles
489 1474 531 1511 et
550 1471 600 1510 de
621 1483 749 1510 eoeur.
768 1494 818 1500 —
840 1470 1043 1518 Qu’est-ee
1063 1481 1213 1509 encore
1233 1468 1423 1521 qu’avoir
1435 1467 1493 1507 les
1506 1466 1674 1507 oreilles

104 1536 362 1585 circoncises‚
384 1537 507 1575 sinon
527 1535 619 1576 leur
638 1536 800 1575 refuser
834 1540 926 1575 tous
959 1524 1155 1574 discours
1175 1533 1418 1583 medisants‚
1440 1531 1671 1580 indecents‚

105 1600 303 1641 nuisibles
335 1603 359 1640 εἱ
390 1601 611 1640 l'honneur
642 1600 693 1639 de
725 1600 830 1640 Dieu
863 1603 905 1639 et
937 1599 991 1638 du
1024 1599 1224 1651 prochain
1238 1598 1258 1638 ’ἶ
1278 1598 1312 1638 11
1330 1600 1391 1638 est
1411 1598 1520 1637 donc
1551 1597 1675 1636 oense

103 1665 350 1707 incirconcis
381 1665 588 1706 d’oreilles
619 1668 661 1705 et
692 1665 925 1714 immonde,
949 1665 1055 1704 celui
1088 1664 1160 1717 qui
1191 1664 1251 1704 les
1283 1666 1429 1703 ecoute
1461 1675 1514 1701 ou
1537 1661 1674 1714 quise

99 1731 210 1784 “plait
230 1733 255 1771 ὲ
273 1731 333 1771 les
351 1731 570 1772 entendre.

158 1797 201 1836 3⁰
219 1795 430 1844 Qu'est-ce
450 1795 639 1848 qu'nvoir
657 1795 716 1835 les
740 1807 854 1847 yeux
873 1794 1086 1843 circoncis,
1109 1794 1234 1833 sinon
1267 1793 1359 1833 leur
1391 1793 1554 1832 refuser
1579 1793 1674 1832 tout

107 1860 261 1913 regar-d
290 1860 493 1910 honteu1‚
513 1863 607 1900 tout
636 1860 790 1912 regerd
818 1859 1079 1898 malveillant
1111 1870 1166 1898 ou
1199 1858 1411 1906 mechant,
1444 1857 1527 1898 afin
1553 1855 1677 1910 qu'ils

413 134 425 141 ⁴⁹
454 156 506 187 u
534 154 814 187 mconclsmn
843 155 895 185 nn
922 154 1297 186 nonu-smmum.

109 2016 171 2052 det
192 2015 374 2052 Dominus
408 2015 503 2050 Deus
535 2019 621 2050 tuus
653 2024 717 2050 cor
746 2019 866 2056 tuum,
910 2012 1051 2048 inonita
1072 2017 1109 2048 et
1130 2012 1399 2059 inspirationes
1434 2011 1580 2055 Dei‚ud
1599 2021 1679 2048 mo·

109 2067 146 2100 et
164 2072 228 2099 cot·
247 2062 404 2099 seminis
425 2062 493 2105 tui,
515 2067 554 2097 ut
573 2061 706 2106 diligas
740 2062 867 2098 Domi-
910 2061 987 2096 nita
1035 2060 1275 2106 Angelorum,
1317 2064 1349 2095 et
1396 2059 1566 2096 omnium
1613 2058 1680 2105 qui

110 2119 203 2147 num
227 2110 343 2146 Deum
364 2114 471 2146 tuum
491 2109 531 2145 in
560 2114 636 2145 toto
658 2109 868 2152 cordetuo,
911 2107 1027 2144 nostri
1067 2118 1197 2144 curam
1243 2110 1391 2153 gerunt,
1431 2106 1479 2142 ad
1523 2104 1680 2142 verbum

110 2158 203 2196 etin
225 2161 302 2194 tota
320 2158 447 2194 anima
469 2162 544 2202 tua,
567 2161 605 2192 ut
625 2157 747 2203 possis
768 2157 869 2191 vive-
913 2155 1076 2199 Domini,
1098 2159 1133 2191 et
1160 2155 1441 2191 exhortationes
1455 2156 1617 2199 sanctas,
1639 2155 1682 2188 ut.

111 2215 164 2242 re.
189 2220 202 2237 ι
227 2206 270 2241 Et
290 2205 426 2241 iterum
446 2205 568 2251 capite
587 2204 734 2240 decimo
758 2214 766 2240 ε
789 2219 802 2235 α
829 2204 868 2239 Et
909 2202 1066 2249 Spiritui
1111 2208 1241 2238 sancto
1294 2212 1372 2238 non
1422 2201 1642 2237 resistamus
1664 2201 1682 2235 P

110 2252 459 2299 nunc,1sraet,quid
473 2251 655 2288 Dominus
669 2252 766 2287 Deus
781 2252 871 2297 petit
916 2264 929 2280 «
955 2249 1102 2285 Audivit
1122 2249 1278 2286 verbum
1306 2249 1457 2295 sapiens
1490 2248 1591 2284 tilius
1625 2247 1680 2283 lu-

113 2311 137 2337 a
153 2304 202 2347 te,
224 2300 296 2336 nisi
318 2305 358 2337 ut
373 2300 506 2336 timeas
528 2300 728 2336 Dominum
754 2300 872 2335 Deum
912 2298 1100 2342 και-105115,
1123 2302 1158 2334 et
1178 2302 1261 2344 post
1282 2301 1427 2343 tergum
1450 2306 1560 2332 suum
1590 2305 1681 2342 pro-

113 2351 235 2392 tuum,
254 2351 290 2384 et.
309 2347 479 2384 ambules
499 2347 539 2383 in
560 2347 629 2383 viis
650 2349 747 2390 ejus,
765 2351 801 2382 et
820 2347 873 2381 di-
910 2345 999 2389 jecit
1033 2345 1143 2390 ittud,
1171 2359 1184 2376 ι»
1220 2345 1344 2391 inquit
1377 2343 1680 2380 Ecclesiasticus.

913 2392 1010 2436 Quid
1048 2393 1130 2428 ita?
1161 2393 1256 2436 Quia
1296 2391 1589 2428 incircumcisus
1627 2393 1683 2426 est

913 2439 1068 2476 :iuribus
1099 2444 1134 2476 ct
1165 2440 1290 2476 corde.
1326 2438 1424 2483 Quid
1462 2439 1599 2474 iterum
1627 2440 1685 2473 est

917 2487 1053 2524 habere
1072 2498 1182 2523 aures
1202 2487 1462 2531 circumcisas,
1484 2485 1559 2522 nisi
1580 2495 1684 2521 rese-

115 2443 211 2478 tuo?
230 2442 492 2479 Circumcidite
510 2442 623 2489 igitur
649 2441 873 2488 praeputium

117 2487 243 2526 cordis
272 2489 397 2534 vestri,
429 2494 466 2526 et
497 2489 680 2526 cervicem
715 2494 876 2524 vestram

117 2546 167 2572 ne
200 2535 381 2572 induretis
413 2537 588 2584 amplius.
625 2551 637 2568 υ
674 2531 778 2572 Idem
806 2546 878 2572 nos

118 2582 232 2620 hodie
251 2582 429 2620 omnibus
457 2583 709 2627 inculcamus,
731 2594 877 2630 praepu-

119 2631 214 2667 tium
252 2629 377 2667 cordis
414 2630 685 2674 circumcidite,
724 2641 878 2668 omnem

118 2677 415 2721 immunditiam,
432 2687 545 2715 omne
565 2679 879 2725 impedimentum

121 2725 247 2764 cordis
278 2728 456 2768 resecate,
480 2729 521 2762 ut
557 2726 721 2772 perfecto
752 2736 881 2763 amore

121 2771 274 2856 Fossms
295 2773 413 2808 Deum
433 2771 603 2819 diligere.
625 2773 679 2810 Ad
700 2774 803 2810 hunc
825 2774 880 2809 es-

138 2823 262 2856 ectum
290 2819 460 2856 Christus
489 2830 556 2866 pro
584 2820 688 2858 vobis
715 2821 881 2858 circum-

123 2867 226 2904 cisus
244 2870 311 2903 est.

170 2914 206 2950 2.
229 2913 327 2958 Quid
345 2917 401 2950 est
421 2912 558 2950 habere
575 2923 686 2951 aures
715 2915 884 2952 circum-

126 2961 239 3007 cisas,
270 2961 346 2999 nisi
376 2960 462 2998 illas
494 2960 632 2999 habere
659 2966 808 3009 apertas
838 2962 886 2999 ad

314 3056 331 3087 1

916 2545 1001 2571 care
1038 2535 1085 2571 ab
1123 2535 1201 2571 iilis
1232 2544 1366 2570 omnes
1392 2543 1586 2569 sermones
1615 2532 1685 2568 de-

918 2582 1127 2624 tractionis,
1161 2583 1291 2618 omnia
1321 2580 1531 2626 iuxuriosa,
1554 2579 1687 2616 omnia

920 2630 1052 2666 nociva
1091 2628 1226 2666 honori
1259 2629 1422 2674 proximi
1459 2627 1517 2664 vel
1550 2627 1688 2664 honori

922 2678 1017 2713 Dei?
1063 2676 1359 2713 Incircumcisus
1388 2675 1501 2721 igitur
1533 2674 1688 2711 auribus

920 2730 955 2761 et
980 2724 1201 2761 immundus
1231 2727 1422 2766 censetur,
1444 2722 1509 2776 qui
1535 2723 1595 2759 his
1622 2732 1689 2758 va·
1732 2732 1739 2739 ¹

921 2777 979 2809 cat
1010 2772 1223 2815 audiendis,
1256 2775 1318 2807 aut
1349 2770 1490 2806 auditis
1520 2770 1690 2807 delecta-

923 2825 999 2855 tur.

971 2867 1006 2902 3.
1030 2865 1125 2909 Quid
1146 2868 1203 2901 cst
1223 2863 1361 2900 habere
1380 2863 1512 2900 oculos
1531 2863 1691 2901 circum-

925 2914 1040 2957 cisos,
1060 2912 1136 2949 nisi
1167 2911 1214 2949 ab
1242 2911 1320 2948 iltis
1350 2921 1520 2948 resecare
1538 2920 1694 2949 omnem

926 2964 1119 3008 aspectum
1136 2963 1299 3007 turpem,
1319 2968 1550 3006 omnemque
1559 2967 1697 3007 aspec—

1456 3043 1510 3088 35
