<?xml version="1.0" encoding="UTF-8"?>
<!DOCTYPE html PUBLIC "-//W3C//DTD XHTML 1.0 Transitional//EN"
    "http://www.w3.org/TR/xhtml1/DTD/xhtml1-transitional.dtd">
<html xmlns="http://www.w3.org/1999/xhtml" xml:lang="en" lang="en">
 <head>
  <title>
</title>
<meta http-equiv="Content-Type" content="text/html;charset=utf-8" />
  <meta name='ocr-system' content='tesseract 3.04.00' />
  <meta name='ocr-capabilities' content='ocr_page ocr_carea ocr_par ocr_line ocrx_word'/>
</head>
<body>
  <div class='ocr_page' id='page_1' title='image "./lerationaldespr01marc_0207.png"; bbox 0 0 1858 3184; ppageno 0'>
   <div class='ocr_carea' id='block_1_1' title="bbox 0 0 55 463">
    <p class='ocr_par' dir='ltr' id='par_1_1' title="bbox 0 0 55 463">
     <span class='ocr_line' id='line_1_1' title="bbox 0 0 55 463; baseline 0 2721"><span class='ocrx_word' id='word_1_1' title='bbox 0 0 55 463; x_wconf 95' lang='lat' dir='ltr'><strong> </strong></span> 
     </span>
    </p>
   </div>
   <div class='ocr_carea' id='block_1_2' title="bbox 1672 146 1746 187">
    <p class='ocr_par' dir='ltr' id='par_1_2' title="bbox 1672 146 1746 187">
     <span class='ocr_line' id='line_1_2' title="bbox 1672 146 1746 187; baseline -0.014 -1"><span class='ocrx_word' id='word_1_2' title='bbox 1672 146 1746 187; x_wconf 75' lang='lat'><strong>19⁷</strong></span> 
     </span>
    </p>
   </div>
   <div class='ocr_carea' id='block_1_3' title="bbox 172 232 1751 944">
    <p class='ocr_par' dir='ltr' id='par_1_3' title="bbox 172 232 1751 884">
     <span class='ocr_line' id='line_1_3' title="bbox 176 232 1747 299; baseline -0.007 -12"><span class='ocrx_word' id='word_1_3' title='bbox 176 246 355 299; x_wconf 71' lang='lat' dir='ltr'><strong>Apotres</strong></span> <span class='ocrx_word' id='word_1_4' title='bbox 370 244 496 287; x_wconf 73' lang='grc'><strong>81188</strong></span> <span class='ocrx_word' id='word_1_5' title='bbox 510 242 690 294; x_wconf 74' lang='lat' dir='ltr'><strong>Martyrs</strong></span> <span class='ocrx_word' id='word_1_6' title='bbox 708 239 813 280; x_wconf 83' lang='lat' dir='ltr'><strong>dont</strong></span> <span class='ocrx_word' id='word_1_7' title='bbox 831 250 938 279; x_wconf 84' lang='lat' dir='ltr'><strong>nous</strong></span> <span class='ocrx_word' id='word_1_8' title='bbox 956 249 1086 277; x_wconf 78' lang='lat' dir='ltr'><strong>avons</strong></span> <span class='ocrx_word' id='word_1_9' title='bbox 1106 235 1203 287; x_wconf 67' lang='lat' dir='ltr'><strong>deja</strong></span> <span class='ocrx_word' id='word_1_10' title='bbox 1220 234 1302 277; x_wconf 74' lang='grc'><strong>0118</strong></span> <span class='ocrx_word' id='word_1_11' title='bbox 1328 233 1550 286; x_wconf 82' lang='lat' dir='ltr'><strong>l&#39;exemple</strong></span> <span class='ocrx_word' id='word_1_12' title='bbox 1583 235 1627 275; x_wconf 85' lang='lat' dir='ltr'><strong>et.</strong></span> <span class='ocrx_word' id='word_1_13' title='bbox 1655 232 1747 286; x_wconf 61' lang='lat' dir='ltr'><strong>(pti.</strong></span> 
     </span>
     <span class='ocr_line' id='line_1_4' title="bbox 178 297 1750 364; baseline -0.009 -12"><span class='ocrx_word' id='word_1_14' title='bbox 178 323 235 352; x_wconf 79' lang='lat' dir='ltr'><strong>au</strong></span> <span class='ocrx_word' id='word_1_15' title='bbox 252 322 408 364; x_wconf 83' lang='lat' dir='ltr'><strong>moyen</strong></span> <span class='ocrx_word' id='word_1_16' title='bbox 426 309 480 353; x_wconf 86' lang='lat' dir='ltr'><strong>de</strong></span> <span class='ocrx_word' id='word_1_17' title='bbox 498 306 633 350; x_wconf 81' lang='lat' dir='ltr'><strong>uruels</strong></span> <span class='ocrx_word' id='word_1_18' title='bbox 652 307 890 347; x_wconf 69' lang='lat' dir='ltr'><strong>toni-ments</strong></span> <span class='ocrx_word' id='word_1_19' title='bbox 902 306 946 344; x_wconf 85' lang='lat' dir='ltr'><strong>et</strong></span> <span class='ocrx_word' id='word_1_20' title='bbox 959 299 1416 349; x_wconf 65' lang='grc'><strong>(1·18111011118518118818,</strong></span> <span class='ocrx_word' id='word_1_21' title='bbox 1438 303 1514 338; x_wconf 87' lang='grc'><strong>081</strong></span> <span class='ocrx_word' id='word_1_22' title='bbox 1531 300 1597 338; x_wconf 80' lang='lat' dir='ltr'><strong>ete</strong></span> <span class='ocrx_word' id='word_1_23' title='bbox 1611 297 1750 343; x_wconf 65' lang='lat' dir='ltr'><strong>eleves</strong></span> 
     </span>
     <span class='ocr_line' id='line_1_5' title="bbox 172 363 1750 424; baseline -0.008 -6"><span class='ocrx_word' id='word_1_24' title='bbox 172 389 230 417; x_wconf 81' lang='lat' dir='ltr'><strong>au</strong></span> <span class='ocrx_word' id='word_1_25' title='bbox 249 374 411 417; x_wconf 87' lang='grc'><strong>00811118</strong></span> <span class='ocrx_word' id='word_1_26' title='bbox 429 374 481 415; x_wconf 84' lang='lat' dir='ltr'><strong>de</strong></span> <span class='ocrx_word' id='word_1_27' title='bbox 500 373 542 413; x_wconf 81' lang='lat' dir='ltr'><strong>la</strong></span> <span class='ocrx_word' id='word_1_28' title='bbox 563 373 687 424; x_wconf 74' lang='lat' dir='ltr'><strong>grace</strong></span> <span class='ocrx_word' id='word_1_29' title='bbox 707 373 750 411; x_wconf 88' lang='lat' dir='ltr'><strong>et</strong></span> <span class='ocrx_word' id='word_1_30' title='bbox 768 370 820 410; x_wconf 90' lang='lat' dir='ltr'><strong>de</strong></span> <span class='ocrx_word' id='word_1_31' title='bbox 839 369 881 409; x_wconf 90' lang='lat' dir='ltr'><strong>la</strong></span> <span class='ocrx_word' id='word_1_32' title='bbox 903 368 1051 420; x_wconf 83' lang='lat' dir='ltr'><strong>gleire.</strong></span> <span class='ocrx_word' id='word_1_33' title='bbox 1075 368 1139 407; x_wconf 92' lang='lat' dir='ltr'><strong>On</strong></span> <span class='ocrx_word' id='word_1_34' title='bbox 1168 365 1207 406; x_wconf 86' lang='lat' dir='ltr'><strong>le</strong></span> <span class='ocrx_word' id='word_1_35' title='bbox 1238 365 1325 405; x_wconf 84' lang='lat' dir='ltr'><strong>voit</strong></span> <span class='ocrx_word' id='word_1_36' title='bbox 1364 363 1463 404; x_wconf 85' lang='lat' dir='ltr'><strong>ehez</strong></span> <span class='ocrx_word' id='word_1_37' title='bbox 1492 363 1552 403; x_wconf 82' lang='grc'><strong>185</strong></span> <span class='ocrx_word' id='word_1_38' title='bbox 1573 363 1750 415; x_wconf 78' lang='lat' dir='ltr'><strong>Vierges</strong></span> 
     </span>
     <span class='ocr_line' id='line_1_6' title="bbox 175 428 1750 494; baseline -0.008 -12"><span class='ocrx_word' id='word_1_39' title='bbox 175 453 258 494; x_wconf 83' lang='lat' dir='ltr'><strong>que</strong></span> <span class='ocrx_word' id='word_1_40' title='bbox 278 442 317 481; x_wconf 87' lang='grc'><strong>18</strong></span> <span class='ocrx_word' id='word_1_41' title='bbox 336 441 441 480; x_wconf 88' lang='grc'><strong>18118</strong></span> <span class='ocrx_word' id='word_1_42' title='bbox 459 438 665 489; x_wconf 78' lang='lat' dir='ltr'><strong>heroique</strong></span> <span class='ocrx_word' id='word_1_43' title='bbox 685 439 830 476; x_wconf 79' lang='lat' dir='ltr'><strong>contre</strong></span> <span class='ocrx_word' id='word_1_44' title='bbox 850 434 891 474; x_wconf 86' lang='lat' dir='ltr'><strong>la</strong></span> <span class='ocrx_word' id='word_1_45' title='bbox 911 433 1028 473; x_wconf 74' lang='lat' dir='ltr'><strong>chair</strong></span> <span class='ocrx_word' id='word_1_46' title='bbox 1047 435 1090 472; x_wconf 83' lang='lat' dir='ltr'><strong>et</strong></span> <span class='ocrx_word' id='word_1_47' title='bbox 1109 434 1255 470; x_wconf 84' lang='lat' dir='ltr'><strong>contre</strong></span> <span class='ocrx_word' id='word_1_48' title='bbox 1286 430 1417 471; x_wconf 81' lang='lat' dir='ltr'><strong>Satan</strong></span> <span class='ocrx_word' id='word_1_49' title='bbox 1437 441 1462 468; x_wconf 90' lang='lat' dir='ltr'><strong>a</strong></span> <span class='ocrx_word' id='word_1_50' title='bbox 1482 429 1645 468; x_wconf 79' lang='lat' dir='ltr'><strong>elevees</strong></span> <span class='ocrx_word' id='word_1_51' title='bbox 1663 430 1689 468; x_wconf 81' lang='grc'><strong>8</strong></span> <span class='ocrx_word' id='word_1_52' title='bbox 1707 428 1750 469; x_wconf 75' lang='lat' dir='ltr'><strong>ln</strong></span> 
     </span>
     <span class='ocr_line' id='line_1_7' title="bbox 177 493 1751 555; baseline -0.008 -8"><span class='ocrx_word' id='word_1_53' title='bbox 177 516 388 547; x_wconf 81' lang='lat' dir='ltr'><strong>eouronue</strong></span> <span class='ocrx_word' id='word_1_54' title='bbox 405 502 617 555; x_wconf 80' lang='lat' dir='ltr'>virginale</span> <span class='ocrx_word' id='word_1_55' title='bbox 646 501 847 554; x_wconf 72' lang='lat' dir='ltr'><strong>preparee</strong></span> <span class='ocrx_word' id='word_1_56' title='bbox 879 510 988 552; x_wconf 89' lang='lat' dir='ltr'><strong>pour</strong></span> <span class='ocrx_word' id='word_1_57' title='bbox 1018 497 1079 537; x_wconf 85' lang='lat' dir='ltr'><strong>les</strong></span> <span class='ocrx_word' id='word_1_58' title='bbox 1109 495 1315 548; x_wconf 82' lang='lat' dir='ltr'><strong>premiere</strong></span> <span class='ocrx_word' id='word_1_59' title='bbox 1346 506 1493 546; x_wconf 79' lang='lat' dir='ltr'><strong>auges.</strong></span> <span class='ocrx_word' id='word_1_60' title='bbox 1516 494 1579 534; x_wconf 91' lang='lat' dir='ltr'><strong>On</strong></span> <span class='ocrx_word' id='word_1_61' title='bbox 1601 493 1641 534; x_wconf 93' lang='grc'><strong>18</strong></span> <span class='ocrx_word' id='word_1_62' title='bbox 1664 494 1751 534; x_wconf 83' lang='lat' dir='ltr'><strong>voit</strong></span> 
     </span>
     <span class='ocr_line' id='line_1_8' title="bbox 172 558 1748 616; baseline -0.009 -4"><span class='ocrx_word' id='word_1_63' title='bbox 172 581 326 613; x_wconf 79' lang='lat' dir='ltr'><strong>encore</strong></span> <span class='ocrx_word' id='word_1_64' title='bbox 345 568 447 609; x_wconf 80' lang='lat' dir='ltr'><strong>dans</strong></span> <span class='ocrx_word' id='word_1_65' title='bbox 465 567 525 608; x_wconf 84' lang='lat' dir='ltr'><strong>les</strong></span> <span class='ocrx_word' id='word_1_66' title='bbox 545 566 714 606; x_wconf 86' lang='lat' dir='ltr'><strong>enfants</strong></span> <span class='ocrx_word' id='word_1_67' title='bbox 734 567 759 605; x_wconf 78' lang='grc'><strong>8</strong></span> <span class='ocrx_word' id='word_1_68' title='bbox 778 564 851 616; x_wconf 86' lang='lat' dir='ltr'><strong>qui</strong></span> <span class='ocrx_word' id='word_1_69' title='bbox 870 564 911 604; x_wconf 85' lang='grc'><strong>18</strong></span> <span class='ocrx_word' id='word_1_70' title='bbox 935 565 1056 615; x_wconf 68' lang='lat' dir='ltr'><strong>graue</strong></span> <span class='ocrx_word' id='word_1_71' title='bbox 1086 562 1141 601; x_wconf 87' lang='lat' dir='ltr'><strong>du</strong></span> <span class='ocrx_word' id='word_1_72' title='bbox 1175 560 1379 612; x_wconf 81' lang='lat' dir='ltr'><strong>Bapteme</strong></span> <span class='ocrx_word' id='word_1_73' title='bbox 1411 559 1549 599; x_wconf 87' lang='lat' dir='ltr'><strong>donne</strong></span> <span class='ocrx_word' id='word_1_74' title='bbox 1563 558 1748 611; x_wconf 63' lang='lat' dir='ltr'><strong>,aujour-</strong></span> 
     </span>
     <span class='ocr_line' id='line_1_9' title="bbox 175 622 1748 680; baseline -0.009 -3"><span class='ocrx_word' id='word_1_75' title='bbox 175 635 306 680; x_wconf 85' lang='lat' dir='ltr'><strong>d&#39;hui.</strong></span> <span class='ocrx_word' id='word_1_76' title='bbox 329 645 380 674; x_wconf 88' lang='grc'><strong>88</strong></span> <span class='ocrx_word' id='word_1_77' title='bbox 398 636 521 673; x_wconf 86' lang='lat' dir='ltr'><strong>vertu</strong></span> <span class='ocrx_word' id='word_1_78' title='bbox 540 631 612 672; x_wconf 89' lang='lat' dir='ltr'><strong>des</strong></span> <span class='ocrx_word' id='word_1_79' title='bbox 632 630 803 671; x_wconf 84' lang='lat' dir='ltr'><strong>meritcs</strong></span> <span class='ocrx_word' id='word_1_80' title='bbox 822 630 876 670; x_wconf 90' lang='lat' dir='ltr'><strong>du</strong></span> <span class='ocrx_word' id='word_1_81' title='bbox 893 629 1044 675; x_wconf 79' lang='lat' dir='ltr'>Christ,</span> <span class='ocrx_word' id='word_1_82' title='bbox 1064 627 1158 680; x_wconf 85' lang='lat' dir='ltr'><strong>plus</strong></span> <span class='ocrx_word' id='word_1_83' title='bbox 1177 626 1228 666; x_wconf 91' lang='lat' dir='ltr'><strong>de</strong></span> <span class='ocrx_word' id='word_1_84' title='bbox 1250 626 1375 677; x_wconf 65' lang='lat' dir='ltr'><strong>grece</strong></span> <span class='ocrx_word' id='word_1_85' title='bbox 1395 623 1560 677; x_wconf 83' lang='lat' dir='ltr'><strong>qu’ilne</strong></span> <span class='ocrx_word' id='word_1_86' title='bbox 1580 622 1675 664; x_wconf 84' lang='lat' dir='ltr'><strong>leur</strong></span> <span class='ocrx_word' id='word_1_87' title='bbox 1693 634 1748 664; x_wconf 91' lang='grc'><strong>88</strong></span> 
     </span>
     <span class='ocr_line' id='line_1_10' title="bbox 172 689 1750 742; baseline -0.008 -1"><span class='ocrx_word' id='word_1_88' title='bbox 172 703 248 742; x_wconf 80' lang='lat' dir='ltr'><strong>eut</strong></span> <span class='ocrx_word' id='word_1_89' title='bbox 265 701 331 740; x_wconf 71' lang='lat' dir='ltr'><strong>ete</strong></span> <span class='ocrx_word' id='word_1_90' title='bbox 351 698 490 739; x_wconf 76' lang='lat' dir='ltr'><strong>donne</strong></span> <span class='ocrx_word' id='word_1_91' title='bbox 517 697 622 737; x_wconf 84' lang='lat' dir='ltr'><strong>dans</strong></span> <span class='ocrx_word' id='word_1_92' title='bbox 654 696 770 736; x_wconf 79' lang='lat' dir='ltr'><strong>l&#39;etat</strong></span> <span class='ocrx_word' id='word_1_93' title='bbox 801 695 1089 734; x_wconf 84' lang='lat' dir='ltr'><strong>d&#39;innocenee.</strong></span> <span class='ocrx_word' id='word_1_94' title='bbox 1114 692 1380 732; x_wconf 82' lang='lat' dir='ltr'><strong>Mainteuant</strong></span> <span class='ocrx_word' id='word_1_95' title='bbox 1410 702 1464 730; x_wconf 89' lang='lat' dir='ltr'><strong>en</strong></span> <span class='ocrx_word' id='word_1_96' title='bbox 1495 689 1596 729; x_wconf 81' lang='lat' dir='ltr'><strong>effet</strong></span> <span class='ocrx_word' id='word_1_97' title='bbox 1621 689 1750 730; x_wconf 82' lang='lat' dir='ltr'><strong>inter-</strong></span> 
     </span>
     <span class='ocr_line' id='line_1_11' title="bbox 174 753 1748 815; baseline -0.007 -10"><span class='ocrx_word' id='word_1_98' title='bbox 174 765 374 806; x_wconf 84' lang='lat' dir='ltr'><strong>viennent</strong></span> <span class='ocrx_word' id='word_1_99' title='bbox 393 764 433 803; x_wconf 92' lang='grc'><strong>18</strong></span> <span class='ocrx_word' id='word_1_100' title='bbox 453 762 636 815; x_wconf 80' lang='lat' dir='ltr'><strong>passion,</strong></span> <span class='ocrx_word' id='word_1_101' title='bbox 659 761 699 801; x_wconf 91' lang='grc'><strong>18</strong></span> <span class='ocrx_word' id='word_1_102' title='bbox 720 763 829 800; x_wconf 86' lang='lat' dir='ltr'><strong>mort</strong></span> <span class='ocrx_word' id='word_1_103' title='bbox 858 764 899 799; x_wconf 86' lang='lat' dir='ltr'><strong>et</strong></span> <span class='ocrx_word' id='word_1_104' title='bbox 931 758 990 798; x_wconf 85' lang='lat' dir='ltr'><strong>les</strong></span> <span class='ocrx_word' id='word_1_105' title='bbox 1022 761 1200 797; x_wconf 82' lang='lat' dir='ltr'><strong>travuux</strong></span> <span class='ocrx_word' id='word_1_106' title='bbox 1219 756 1275 796; x_wconf 90' lang='lat' dir='ltr'><strong>du</strong></span> <span class='ocrx_word' id='word_1_107' title='bbox 1296 755 1450 804; x_wconf 82' lang='lat' dir='ltr'>Christ,</span> <span class='ocrx_word' id='word_1_108' title='bbox 1471 766 1524 795; x_wconf 86' lang='lat' dir='ltr'><strong>en</strong></span> <span class='ocrx_word' id='word_1_109' title='bbox 1545 765 1626 795; x_wconf 85' lang='lat' dir='ltr'><strong>vue</strong></span> <span class='ocrx_word' id='word_1_110' title='bbox 1654 753 1748 795; x_wconf 78' lang='lat' dir='ltr'><strong>des·</strong></span> 
     </span>
     <span class='ocr_line' id='line_1_12' title="bbox 173 823 1195 884; baseline -0.009 -14"><span class='ocrx_word' id='word_1_111' title='bbox 173 829 292 884; x_wconf 86' lang='lat' dir='ltr'><strong>queis</strong></span> <span class='ocrx_word' id='word_1_112' title='bbox 312 829 352 868; x_wconf 80' lang='lat' dir='ltr'><strong>tu</strong></span> <span class='ocrx_word' id='word_1_113' title='bbox 374 829 497 881; x_wconf 67' lang='lat' dir='ltr'><strong>grece</strong></span> <span class='ocrx_word' id='word_1_114' title='bbox 518 829 580 867; x_wconf 87' lang='lat' dir='ltr'><strong>est</strong></span> <span class='ocrx_word' id='word_1_115' title='bbox 599 826 793 866; x_wconf 72' lang='lat' dir='ltr'><strong>conferee</strong></span> <span class='ocrx_word' id='word_1_116' title='bbox 813 837 914 864; x_wconf 85' lang='lat' dir='ltr'><strong>avec</strong></span> <span class='ocrx_word' id='word_1_117' title='bbox 933 823 1195 864; x_wconf 70' lang='lat' dir='ltr'><strong>abundant-e.</strong></span> 
     </span>
    </p>

    <p class='ocr_par' dir='ltr' id='par_1_4' title="bbox 228 883 1749 944">
     <span class='ocr_line' id='line_1_13' title="bbox 228 883 1749 944; baseline -0.006 -9"><span class='ocrx_word' id='word_1_118' title='bbox 228 893 464 935; x_wconf 81' lang='lat' dir='ltr'><strong>L’Ecriture</strong></span> <span class='ocrx_word' id='word_1_119' title='bbox 496 893 558 932; x_wconf 88' lang='lat' dir='ltr'><strong>dit</strong></span> <span class='ocrx_word' id='word_1_120' title='bbox 586 904 668 944; x_wconf 89' lang='lat' dir='ltr'><strong>que</strong></span> <span class='ocrx_word' id='word_1_121' title='bbox 701 892 740 931; x_wconf 88' lang='grc'><strong>18</strong></span> <span class='ocrx_word' id='word_1_122' title='bbox 763 890 1024 942; x_wconf 83' lang='lat' dir='ltr'><strong>redemption</strong></span> <span class='ocrx_word' id='word_1_123' title='bbox 1057 901 1082 928; x_wconf 91' lang='grc'><strong>8</strong></span> <span class='ocrx_word' id='word_1_124' title='bbox 1114 890 1180 927; x_wconf 77' lang='lat' dir='ltr'><strong>ete</strong></span> <span class='ocrx_word' id='word_1_125' title='bbox 1212 885 1424 938; x_wconf 79' lang='lat' dir='ltr'><strong>copieuse,</strong></span> <span class='ocrx_word' id='word_1_126' title='bbox 1454 885 1543 924; x_wconf 83' lang='grc'><strong>0818</strong></span> <span class='ocrx_word' id='word_1_127' title='bbox 1577 883 1749 936; x_wconf 75' lang='lat' dir='ltr'><strong>signifie</strong></span> 
     </span>
    </p>
   </div>
   <div class='ocr_carea' id='block_1_4' title="bbox 487 158 1142 201">
    <p class='ocr_par' dir='ltr' id='par_1_5' title="bbox 487 158 1142 201">
     <span class='ocr_line' id='line_1_14' title="bbox 487 158 1142 201; baseline -0.017 -4"><span class='ocrx_word' id='word_1_128' title='bbox 487 181 498 201; x_wconf 60' lang='lat' dir='ltr'>x</span> <span class='ocrx_word' id='word_1_129' title='bbox 607 172 611 174; x_wconf 84' lang='lat'>&#39;</span> <span class='ocrx_word' id='word_1_130' title='bbox 782 160 808 192; x_wconf 82' lang='lat'><strong>0</strong></span> <span class='ocrx_word' id='word_1_131' title='bbox 835 160 916 190; x_wconf 76' lang='lat' dir='ltr'><strong>REX</strong></span> <span class='ocrx_word' id='word_1_132' title='bbox 944 158 1142 189; x_wconf 67' lang='lat' dir='ltr'><strong>(immun.</strong></span> 
     </span>
    </p>
   </div>
   <div class='ocr_carea' id='block_1_5' title="bbox 170 950 1752 1530">
    <p class='ocr_par' dir='ltr' id='par_1_6' title="bbox 170 950 1752 1324">
     <span class='ocr_line' id='line_1_15' title="bbox 172 950 1752 1012; baseline -0.006 -12"><span class='ocrx_word' id='word_1_133' title='bbox 172 959 413 1012; x_wconf 75' lang='lat' dir='ltr'><strong>egalement</strong></span> <span class='ocrx_word' id='word_1_134' title='bbox 433 970 513 1010; x_wconf 90' lang='lat' dir='ltr'><strong>que</strong></span> <span class='ocrx_word' id='word_1_135' title='bbox 534 958 593 998; x_wconf 89' lang='lat' dir='ltr'><strong>les</strong></span> <span class='ocrx_word' id='word_1_136' title='bbox 614 958 729 996; x_wconf 73' lang='lat' dir='ltr'><strong>ames</strong></span> <span class='ocrx_word' id='word_1_137' title='bbox 748 956 963 996; x_wconf 79' lang='lat' dir='ltr'><strong>rachctees</strong></span> <span class='ocrx_word' id='word_1_138' title='bbox 995 959 1071 993; x_wconf 86' lang='lat' dir='ltr'><strong>ont</strong></span> <span class='ocrx_word' id='word_1_139' title='bbox 1102 965 1198 1004; x_wconf 68' lang='lat' dir='ltr'><strong>reqn</strong></span> <span class='ocrx_word' id='word_1_140' title='bbox 1231 963 1315 991; x_wconf 90' lang='lat' dir='ltr'><strong>une</strong></span> <span class='ocrx_word' id='word_1_141' title='bbox 1349 953 1474 1001; x_wconf 59' lang='lat' dir='ltr'><strong>grece</strong></span> <span class='ocrx_word' id='word_1_142' title='bbox 1492 950 1687 1003; x_wconf 87' lang='lat' dir='ltr'><strong>copieuse</strong></span> <span class='ocrx_word' id='word_1_143' title='bbox 1706 951 1752 990; x_wconf 87' lang='grc'><strong>81</strong></span> 
     </span>
     <span class='ocr_line' id='line_1_16' title="bbox 170 1014 1750 1074; baseline -0.006 -9"><span class='ocrx_word' id='word_1_144' title='bbox 170 1024 634 1074; x_wconf 81' lang='lat' dir='ltr'><strong>abondante,semence</strong></span> <span class='ocrx_word' id='word_1_145' title='bbox 653 1021 780 1061; x_wconf 80' lang='lat' dir='ltr'><strong>d&#39;une</strong></span> <span class='ocrx_word' id='word_1_146' title='bbox 801 1021 984 1060; x_wconf 84' lang='lat' dir='ltr'><strong>moisson</strong></span> <span class='ocrx_word' id='word_1_147' title='bbox 1005 1019 1243 1058; x_wconf 83' lang='lat' dir='ltr'><strong>abondante</strong></span> <span class='ocrx_word' id='word_1_148' title='bbox 1257 1020 1300 1057; x_wconf 87' lang='lat' dir='ltr'><strong>et</strong></span> <span class='ocrx_word' id='word_1_149' title='bbox 1314 1016 1506 1068; x_wconf 86' lang='lat' dir='ltr'><strong>eopieuse</strong></span> <span class='ocrx_word' id='word_1_150' title='bbox 1526 1014 1576 1055; x_wconf 89' lang='lat' dir='ltr'><strong>de</strong></span> <span class='ocrx_word' id='word_1_151' title='bbox 1599 1014 1750 1066; x_wconf 79' lang='lat' dir='ltr'><strong>gleire.</strong></span> 
     </span>
     <span class='ocr_line' id='line_1_17' title="bbox 172 1079 1751 1138; baseline -0.007 -7"><span class='ocrx_word' id='word_1_152' title='bbox 172 1089 264 1131; x_wconf 78' lang='lat' dir='ltr'><strong>Elle</strong></span> <span class='ocrx_word' id='word_1_153' title='bbox 284 1094 347 1131; x_wconf 84' lang='lat' dir='ltr'><strong>est</strong></span> <span class='ocrx_word' id='word_1_154' title='bbox 365 1089 472 1128; x_wconf 84' lang='lat' dir='ltr'><strong>done</strong></span> <span class='ocrx_word' id='word_1_155' title='bbox 493 1088 591 1129; x_wconf 84' lang='lat' dir='ltr'><strong>bien</strong></span> <span class='ocrx_word' id='word_1_156' title='bbox 611 1087 726 1127; x_wconf 89' lang='lat' dir='ltr'><strong>vraie</strong></span> <span class='ocrx_word' id='word_1_157' title='bbox 747 1087 788 1126; x_wconf 88' lang='grc'><strong>18</strong></span> <span class='ocrx_word' id='word_1_158' title='bbox 809 1084 950 1138; x_wconf 83' lang='lat' dir='ltr'><strong>parole</strong></span> <span class='ocrx_word' id='word_1_159' title='bbox 971 1084 1023 1124; x_wconf 80' lang='lat' dir='ltr'><strong>de</strong></span> <span class='ocrx_word' id='word_1_160' title='bbox 1043 1084 1219 1136; x_wconf 72' lang='lat' dir='ltr'><strong>l&#39;apOtre</strong></span> <span class='ocrx_word' id='word_1_161' title='bbox 1237 1096 1246 1122; x_wconf 72' lang='grc' dir='ltr'>ε</span> <span class='ocrx_word' id='word_1_162' title='bbox 1268 1084 1353 1122; x_wconf 69' lang='lat' dir='ltr'><strong>«Lu</strong></span> <span class='ocrx_word' id='word_1_163' title='bbox 1369 1082 1425 1121; x_wconf 80' lang='lat' dir='ltr'><strong>ou</strong></span> <span class='ocrx_word' id='word_1_164' title='bbox 1438 1081 1477 1122; x_wconf 92' lang='lat' dir='ltr'><strong>le</strong></span> <span class='ocrx_word' id='word_1_165' title='bbox 1491 1080 1622 1120; x_wconf 89' lang='lat' dir='ltr'><strong>crime</strong></span> <span class='ocrx_word' id='word_1_166' title='bbox 1635 1079 1751 1121; x_wconf 81' lang='lat' dir='ltr'><strong>avait</strong></span> 
     </span>
     <span class='ocr_line' id='line_1_18' title="bbox 170 1145 1750 1206; baseline -0.007 -10"><span class='ocrx_word' id='word_1_167' title='bbox 170 1154 353 1200; x_wconf 71' lang='lat' dir='ltr'><strong>abunde,</strong></span> <span class='ocrx_word' id='word_1_168' title='bbox 377 1154 418 1194; x_wconf 82' lang='grc'><strong>18</strong></span> <span class='ocrx_word' id='word_1_169' title='bbox 434 1154 556 1206; x_wconf 70' lang='lat' dir='ltr'><strong>grace</strong></span> <span class='ocrx_word' id='word_1_170' title='bbox 576 1165 601 1193; x_wconf 81' lang='grc'><strong>8</strong></span> <span class='ocrx_word' id='word_1_171' title='bbox 621 1151 872 1192; x_wconf 77' lang='lat' dir='ltr'><strong>surabonde.</strong></span> <span class='ocrx_word' id='word_1_172' title='bbox 891 1150 1023 1203; x_wconf 84' lang='lat' dir='ltr'><strong>(Rom.</strong></span> <span class='ocrx_word' id='word_1_173' title='bbox 1046 1149 1139 1202; x_wconf 84' lang='lat' dir='ltr'><strong>v.)»</strong></span> <span class='ocrx_word' id='word_1_174' title='bbox 1165 1150 1222 1189; x_wconf 82' lang='lat' dir='ltr'><strong>Lu</strong></span> <span class='ocrx_word' id='word_1_175' title='bbox 1245 1149 1369 1198; x_wconf 70' lang='lat' dir='ltr'><strong>grace</strong></span> <span class='ocrx_word' id='word_1_176' title='bbox 1389 1146 1446 1186; x_wconf 88' lang='lat' dir='ltr'><strong>du</strong></span> <span class='ocrx_word' id='word_1_177' title='bbox 1468 1145 1750 1198; x_wconf 79' lang='lat' dir='ltr'><strong>Redempteur</strong></span> 
     </span>
     <span class='ocr_line' id='line_1_19' title="bbox 174 1211 1750 1271; baseline -0.005 -11"><span class='ocrx_word' id='word_1_178' title='bbox 174 1231 201 1261; x_wconf 87' lang='grc'><strong>8</strong></span> <span class='ocrx_word' id='word_1_179' title='bbox 231 1219 327 1271; x_wconf 87' lang='lat' dir='ltr'><strong>plus</strong></span> <span class='ocrx_word' id='word_1_180' title='bbox 357 1220 504 1271; x_wconf 78' lang='lat' dir='ltr'><strong>repere</strong></span> <span class='ocrx_word' id='word_1_181' title='bbox 525 1230 606 1271; x_wconf 87' lang='lat' dir='ltr'><strong>que</strong></span> <span class='ocrx_word' id='word_1_182' title='bbox 626 1217 667 1258; x_wconf 85' lang='lat' dir='ltr'><strong>la</strong></span> <span class='ocrx_word' id='word_1_183' title='bbox 687 1217 802 1257; x_wconf 86' lang='lat' dir='ltr'><strong>faute</strong></span> <span class='ocrx_word' id='word_1_184' title='bbox 823 1216 878 1256; x_wconf 90' lang='lat' dir='ltr'><strong>du</strong></span> <span class='ocrx_word' id='word_1_185' title='bbox 899 1215 1082 1268; x_wconf 79' lang='lat' dir='ltr'><strong>pecheur</strong></span> <span class='ocrx_word' id='word_1_186' title='bbox 1102 1214 1257 1254; x_wconf 78' lang='lat' dir='ltr'><strong>n’avuit</strong></span> <span class='ocrx_word' id='word_1_187' title='bbox 1288 1215 1410 1254; x_wconf 82' lang='lat' dir='ltr'><strong>cause</strong></span> <span class='ocrx_word' id='word_1_188' title='bbox 1443 1212 1495 1251; x_wconf 90' lang='lat' dir='ltr'><strong>de</strong></span> <span class='ocrx_word' id='word_1_189' title='bbox 1521 1211 1750 1264; x_wconf 67' lang='lat' dir='ltr'><strong>dommuge</strong></span> 
     </span>
     <span class='ocr_line' id='line_1_20' title="bbox 175 1284 1432 1324; baseline -0.005 0"><span class='ocrx_word' id='word_1_190' title='bbox 175 1287 221 1324; x_wconf 84' lang='lat' dir='ltr'><strong>et</strong></span> <span class='ocrx_word' id='word_1_191' title='bbox 238 1284 289 1324; x_wconf 89' lang='lat' dir='ltr'><strong>de</strong></span> <span class='ocrx_word' id='word_1_192' title='bbox 309 1284 447 1324; x_wconf 89' lang='lat' dir='ltr'><strong>ruine.</strong></span> <span class='ocrx_word' id='word_1_193' title='bbox 1428 1286 1432 1291; x_wconf 85' lang='lat'>&#39;</span> 
     </span>
    </p>

    <p class='ocr_par' dir='ltr' id='par_1_7' title="bbox 176 1341 1751 1530">
     <span class='ocr_line' id='line_1_21' title="bbox 229 1341 1748 1390; baseline -0.005 -1"><span class='ocrx_word' id='word_1_194' title='bbox 229 1349 338 1390; x_wconf 87' lang='lat' dir='ltr'><strong>C’est</strong></span> <span class='ocrx_word' id='word_1_195' title='bbox 358 1350 395 1389; x_wconf 90' lang='lat' dir='ltr'><strong>le</strong></span> <span class='ocrx_word' id='word_1_196' title='bbox 414 1348 643 1388; x_wconf 78' lang='lat' dir='ltr'><strong>sentiment</strong></span> <span class='ocrx_word' id='word_1_197' title='bbox 661 1348 732 1387; x_wconf 90' lang='lat' dir='ltr'><strong>des</strong></span> <span class='ocrx_word' id='word_1_198' title='bbox 752 1347 885 1386; x_wconf 86' lang='lat' dir='ltr'><strong>saints</strong></span> <span class='ocrx_word' id='word_1_199' title='bbox 906 1348 1028 1386; x_wconf 75' lang='lat' dir='ltr'><strong>peres</strong></span> <span class='ocrx_word' id='word_1_200' title='bbox 1060 1350 1101 1384; x_wconf 90' lang='lat' dir='ltr'><strong>et</strong></span> <span class='ocrx_word' id='word_1_201' title='bbox 1134 1348 1253 1384; x_wconf 80' lang='lat' dir='ltr'><strong>entre</strong></span> <span class='ocrx_word' id='word_1_202' title='bbox 1284 1347 1425 1384; x_wconf 81' lang='lat' dir='ltr'><strong>autres</strong></span> <span class='ocrx_word' id='word_1_203' title='bbox 1444 1342 1495 1382; x_wconf 83' lang='lat' dir='ltr'><strong>de</strong></span> <span class='ocrx_word' id='word_1_204' title='bbox 1513 1341 1626 1382; x_wconf 78' lang='lat' dir='ltr'><strong>saint</strong></span> <span class='ocrx_word' id='word_1_205' title='bbox 1643 1342 1748 1383; x_wconf 84' lang='lat' dir='ltr'><strong>Ber-</strong></span> 
     </span>
     <span class='ocr_line' id='line_1_22' title="bbox 176 1397 1751 1467; baseline -0.005 -12"><span class='ocrx_word' id='word_1_206' title='bbox 176 1415 296 1461; x_wconf 83' lang='lat' dir='ltr'><strong>nard‚</strong></span> <span class='ocrx_word' id='word_1_207' title='bbox 320 1413 464 1467; x_wconf 85' lang='lat' dir='ltr'><strong>quand</strong></span> <span class='ocrx_word' id='word_1_208' title='bbox 483 1413 513 1453; x_wconf 93' lang='lat' dir='ltr'><strong>il</strong></span> <span class='ocrx_word' id='word_1_209' title='bbox 534 1413 594 1452; x_wconf 83' lang='lat' dir='ltr'><strong>dit</strong></span> <span class='ocrx_word' id='word_1_210' title='bbox 617 1424 625 1452; x_wconf 78' lang='grc' dir='ltr'>ε</span> <span class='ocrx_word' id='word_1_211' title='bbox 652 1413 778 1453; x_wconf 86' lang='lat' dir='ltr'><strong>«Mes</strong></span> <span class='ocrx_word' id='word_1_212' title='bbox 808 1412 905 1451; x_wconf 86' lang='lat' dir='ltr'><strong>bien</strong></span> <span class='ocrx_word' id='word_1_213' title='bbox 938 1411 1058 1450; x_wconf 73' lang='lat' dir='ltr'><strong>euers</strong></span> <span class='ocrx_word' id='word_1_214' title='bbox 1077 1411 1223 1458; x_wconf 76' lang='lat' dir='ltr'><strong>freres,</strong></span> <span class='ocrx_word' id='word_1_215' title='bbox 1257 1409 1287 1448; x_wconf 90' lang='lat' dir='ltr'><strong>il</strong></span> <span class='ocrx_word' id='word_1_216' title='bbox 1318 1411 1381 1448; x_wconf 89' lang='lat' dir='ltr'><strong>est</strong></span> <span class='ocrx_word' id='word_1_217' title='bbox 1413 1420 1471 1447; x_wconf 92' lang='lat' dir='ltr'><strong>un</strong></span> <span class='ocrx_word' id='word_1_218' title='bbox 1505 1407 1676 1447; x_wconf 82' lang='lat' dir='ltr'><strong>homme</strong></span> <span class='ocrx_word' id='word_1_219' title='bbox 1706 1397 1751 1449; x_wconf 65' lang='lat' dir='ltr'><strong>dt</strong></span> 
     </span>
     <span class='ocr_line' id='line_1_23' title="bbox 176 1471 1750 1530; baseline -0.006 -11"><span class='ocrx_word' id='word_1_220' title='bbox 176 1491 259 1519; x_wconf 92' lang='lat' dir='ltr'><strong>une</strong></span> <span class='ocrx_word' id='word_1_221' title='bbox 279 1480 433 1518; x_wconf 84' lang='lat' dir='ltr'><strong>femme</strong></span> <span class='ocrx_word' id='word_1_222' title='bbox 454 1478 527 1530; x_wconf 91' lang='lat' dir='ltr'><strong>qui</strong></span> <span class='ocrx_word' id='word_1_223' title='bbox 548 1491 653 1518; x_wconf 91' lang='lat' dir='ltr'><strong>nous</strong></span> <span class='ocrx_word' id='word_1_224' title='bbox 673 1481 746 1517; x_wconf 91' lang='lat' dir='ltr'><strong>ont</strong></span> <span class='ocrx_word' id='word_1_225' title='bbox 766 1477 843 1516; x_wconf 79' lang='lat' dir='ltr'><strong>fait</strong></span> <span class='ocrx_word' id='word_1_226' title='bbox 863 1476 958 1515; x_wconf 82' lang='lat' dir='ltr'><strong>bien</strong></span> <span class='ocrx_word' id='word_1_227' title='bbox 979 1476 1034 1515; x_wconf 90' lang='lat' dir='ltr'><strong>du</strong></span> <span class='ocrx_word' id='word_1_228' title='bbox 1058 1475 1162 1524; x_wconf 85' lang='lat' dir='ltr'><strong>mal;</strong></span> <span class='ocrx_word' id='word_1_229' title='bbox 1186 1475 1307 1522; x_wconf 82' lang='lat' dir='ltr'><strong>mais,</strong></span> <span class='ocrx_word' id='word_1_230' title='bbox 1332 1474 1455 1523; x_wconf 68' lang='lat' dir='ltr'><strong>grace</strong></span> <span class='ocrx_word' id='word_1_231' title='bbox 1476 1475 1500 1512; x_wconf 73' lang='lat' dir='ltr'><strong>a</strong></span> <span class='ocrx_word' id='word_1_232' title='bbox 1520 1471 1642 1522; x_wconf 88' lang='lat' dir='ltr'><strong>Dieu,</strong></span> <span class='ocrx_word' id='word_1_233' title='bbox 1663 1472 1693 1511; x_wconf 91' lang='grc'><strong>11</strong></span> <span class='ocrx_word' id='word_1_234' title='bbox 1721 1484 1750 1524; x_wconf 80' lang='lat' dir='ltr'>y</span> 
     </span>
    </p>
   </div>
   <div class='ocr_carea' id='block_1_6' title="bbox 173 1538 1821 1593">
    <p class='ocr_par' dir='ltr' id='par_1_8' title="bbox 173 1538 1821 1593">
     <span class='ocr_line' id='line_1_24' title="bbox 173 1538 1821 1593; baseline -0.005 -9"><span class='ocrx_word' id='word_1_235' title='bbox 173 1547 247 1584; x_wconf 89' lang='lat' dir='ltr'><strong>eut</strong></span> <span class='ocrx_word' id='word_1_236' title='bbox 266 1544 375 1583; x_wconf 83' lang='lat' dir='ltr'><strong>aussi</strong></span> <span class='ocrx_word' id='word_1_237' title='bbox 396 1555 451 1583; x_wconf 92' lang='lat' dir='ltr'><strong>un</strong></span> <span class='ocrx_word' id='word_1_238' title='bbox 470 1543 639 1582; x_wconf 88' lang='lat' dir='ltr'><strong>homme</strong></span> <span class='ocrx_word' id='word_1_239' title='bbox 660 1545 701 1581; x_wconf 86' lang='grc'><strong>81</strong></span> <span class='ocrx_word' id='word_1_240' title='bbox 721 1553 804 1580; x_wconf 90' lang='grc'><strong>880</strong></span> <span class='ocrx_word' id='word_1_241' title='bbox 825 1541 979 1580; x_wconf 64' lang='lat' dir='ltr'><strong>femme</strong></span> <span class='ocrx_word' id='word_1_242' title='bbox 1001 1553 1107 1593; x_wconf 86' lang='lat' dir='ltr'><strong>pour</strong></span> <span class='ocrx_word' id='word_1_243' title='bbox 1128 1543 1219 1579; x_wconf 92' lang='lat' dir='ltr'><strong>tout</strong></span> <span class='ocrx_word' id='word_1_244' title='bbox 1239 1541 1410 1591; x_wconf 77' lang='lat' dir='ltr'><strong>reparer</strong></span> <span class='ocrx_word' id='word_1_245' title='bbox 1430 1543 1472 1577; x_wconf 86' lang='lat' dir='ltr'><strong>et</strong></span> <span class='ocrx_word' id='word_1_246' title='bbox 1491 1538 1627 1577; x_wconf 78' lang='lat' dir='ltr'><strong>meme</strong></span> <span class='ocrx_word' id='word_1_247' title='bbox 1647 1549 1750 1577; x_wconf 82' lang='lat' dir='ltr'><strong>avec</strong></span> <span class='ocrx_word' id='word_1_248' title='bbox 1811 1553 1821 1564; x_wconf 75' lang='lat'><strong>,</strong></span> 
     </span>
    </p>
   </div>
   <div class='ocr_carea' id='block_1_7' title="bbox 170 1586 1752 1919">
    <p class='ocr_par' dir='ltr' id='par_1_9' title="bbox 170 1586 1752 1919">
     <span class='ocr_line' id='line_1_25' title="bbox 170 1586 1751 1660; baseline -0.003 -12"><span class='ocrx_word' id='word_1_249' title='bbox 170 1608 223 1648; x_wconf 89' lang='lat' dir='ltr'><strong>de</strong></span> <span class='ocrx_word' id='word_1_250' title='bbox 264 1588 426 1660; x_wconf 64' lang='lat' dir='ltr'><strong>grands</strong></span> <span class='ocrx_word' id='word_1_251' title='bbox 459 1610 705 1659; x_wconf 82' lang='lat' dir='ltr'><strong>avantages.</strong></span> <span class='ocrx_word' id='word_1_252' title='bbox 745 1605 932 1656; x_wconf 76' lang='lat' dir='ltr'><strong>(Sermon</strong></span> <span class='ocrx_word' id='word_1_253' title='bbox 963 1618 1034 1644; x_wconf 79' lang='lat' dir='ltr'><strong>sur</strong></span> <span class='ocrx_word' id='word_1_254' title='bbox 1059 1605 1093 1644; x_wconf 85' lang='lat' dir='ltr'><strong>le</strong></span> <span class='ocrx_word' id='word_1_255' title='bbox 1118 1605 1291 1658; x_wconf 74' lang='lat' dir='ltr'><strong>Siquam</strong></span> <span class='ocrx_word' id='word_1_256' title='bbox 1313 1602 1539 1656; x_wconf 69' lang='lat' dir='ltr'><strong>Maqnum).</strong></span> <span class='ocrx_word' id='word_1_257' title='bbox 1565 1586 1595 1638; x_wconf 78' lang='lat'><strong>⁰»</strong></span> <span class='ocrx_word' id='word_1_258' title='bbox 1628 1602 1751 1644; x_wconf 83' lang='lat' dir='ltr'><strong>Saint</strong></span> 
     </span>
     <span class='ocr_line' id='line_1_26' title="bbox 171 1668 1747 1726; baseline -0.004 -11"><span class='ocrx_word' id='word_1_259' title='bbox 171 1673 376 1726; x_wconf 76' lang='lat' dir='ltr'><strong>Gregoire</strong></span> <span class='ocrx_word' id='word_1_260' title='bbox 395 1673 536 1724; x_wconf 82' lang='lat' dir='ltr'><strong>ajoute</strong></span> <span class='ocrx_word' id='word_1_261' title='bbox 558 1672 662 1712; x_wconf 88' lang='lat' dir='ltr'><strong>daus</strong></span> <span class='ocrx_word' id='word_1_262' title='bbox 682 1672 718 1712; x_wconf 93' lang='grc'><strong>18</strong></span> <span class='ocrx_word' id='word_1_263' title='bbox 739 1672 876 1712; x_wconf 73' lang='lat' dir='ltr'><strong>meme</strong></span> <span class='ocrx_word' id='word_1_264' title='bbox 897 1683 990 1710; x_wconf 86' lang='lat' dir='ltr'><strong>sens</strong></span> <span class='ocrx_word' id='word_1_265' title='bbox 1013 1683 1022 1710; x_wconf 90' lang='lat'>:</span> <span class='ocrx_word' id='word_1_266' title='bbox 1046 1685 1066 1708; x_wconf 76' lang='grc' dir='ltr'>α</span> <span class='ocrx_word' id='word_1_267' title='bbox 1085 1671 1118 1711; x_wconf 90' lang='lat' dir='ltr'>O</span> <span class='ocrx_word' id='word_1_268' title='bbox 1139 1671 1345 1710; x_wconf 80' lang='lat' dir='ltr'><strong>lieureuse</strong></span> <span class='ocrx_word' id='word_1_269' title='bbox 1366 1670 1497 1719; x_wconf 82' lang='lat' dir='ltr'><strong>faute,</strong></span> <span class='ocrx_word' id='word_1_270' title='bbox 1521 1668 1593 1721; x_wconf 92' lang='lat' dir='ltr'><strong>qui</strong></span> <span class='ocrx_word' id='word_1_271' title='bbox 1613 1681 1639 1708; x_wconf 89' lang='grc'><strong>8</strong></span> <span class='ocrx_word' id='word_1_272' title='bbox 1658 1671 1747 1709; x_wconf 79' lang='grc'><strong>188-</strong></span> 
     </span>
     <span class='ocr_line' id='line_1_27' title="bbox 174 1735 1752 1788; baseline -0.004 -9"><span class='ocrx_word' id='word_1_273' title='bbox 174 1738 254 1779; x_wconf 78' lang='lat' dir='ltr'><strong>rite</strong></span> <span class='ocrx_word' id='word_1_274' title='bbox 283 1738 442 1778; x_wconf 87' lang='lat' dir='ltr'><strong>d’avoir</strong></span> <span class='ocrx_word' id='word_1_275' title='bbox 464 1750 520 1777; x_wconf 92' lang='lat' dir='ltr'><strong>un</strong></span> <span class='ocrx_word' id='word_1_276' title='bbox 543 1737 598 1776; x_wconf 90' lang='lat' dir='ltr'><strong>tel</strong></span> <span class='ocrx_word' id='word_1_277' title='bbox 623 1741 742 1777; x_wconf 84' lang='lat' dir='ltr'><strong>etun</strong></span> <span class='ocrx_word' id='word_1_278' title='bbox 768 1737 802 1776; x_wconf 84' lang='lat' dir='ltr'><strong>si</strong></span> <span class='ocrx_word' id='word_1_279' title='bbox 833 1736 967 1788; x_wconf 80' lang='lat' dir='ltr'><strong>grand</strong></span> <span class='ocrx_word' id='word_1_280' title='bbox 1001 1735 1292 1787; x_wconf 75' lang='lat' dir='ltr'><strong>redempteurt</strong></span> <span class='ocrx_word' id='word_1_281' title='bbox 1329 1751 1349 1770; x_wconf 88' lang='lat'>»</span> <span class='ocrx_word' id='word_1_282' title='bbox 1385 1737 1610 1775; x_wconf 86' lang='lat' dir='ltr'><strong>Comment</strong></span> <span class='ocrx_word' id='word_1_283' title='bbox 1641 1736 1752 1774; x_wconf 85' lang='grc'><strong>08118</strong></span> 
     </span>
     <span class='ocr_line' id='line_1_28' title="bbox 175 1798 1751 1863; baseline -0.003 -20"><span class='ocrx_word' id='word_1_284' title='bbox 175 1804 291 1844; x_wconf 84' lang='grc'><strong>18818</strong></span> <span class='ocrx_word' id='word_1_285' title='bbox 318 1803 525 1863; x_wconf 84' lang='lat' dir='ltr'><strong>peut-elle</strong></span> <span class='ocrx_word' id='word_1_286' title='bbox 557 1804 646 1842; x_wconf 81' lang='lat' dir='ltr'><strong>etre</strong></span> <span class='ocrx_word' id='word_1_287' title='bbox 678 1802 900 1850; x_wconf 85' lang='lat' dir='ltr'><strong>lteureuse,</strong></span> <span class='ocrx_word' id='word_1_288' title='bbox 935 1803 1057 1853; x_wconf 74' lang='lat' dir='ltr'><strong>apres</strong></span> <span class='ocrx_word' id='word_1_289' title='bbox 1093 1800 1211 1840; x_wconf 89' lang='lat' dir='ltr'><strong>avoir</strong></span> <span class='ocrx_word' id='word_1_290' title='bbox 1244 1802 1309 1840; x_wconf 82' lang='grc'><strong>818</strong></span> <span class='ocrx_word' id='word_1_291' title='bbox 1343 1801 1377 1840; x_wconf 89' lang='grc'><strong>51</strong></span> <span class='ocrx_word' id='word_1_292' title='bbox 1409 1800 1537 1840; x_wconf 85' lang='grc'><strong>181818</strong></span> <span class='ocrx_word' id='word_1_293' title='bbox 1574 1811 1680 1852; x_wconf 88' lang='lat' dir='ltr'><strong>pour</strong></span> <span class='ocrx_word' id='word_1_294' title='bbox 1710 1798 1751 1839; x_wconf 87' lang='grc'><strong>18</strong></span> 
     </span>
     <span class='ocr_line' id='line_1_29' title="bbox 176 1865 1752 1919; baseline -0.003 -11"><span class='ocrx_word' id='word_1_295' title='bbox 176 1869 331 1909; x_wconf 89' lang='lat' dir='ltr'><strong>monde</strong></span> <span class='ocrx_word' id='word_1_296' title='bbox 350 1868 496 1916; x_wconf 78' lang='lat' dir='ltr'><strong>entier,</strong></span> <span class='ocrx_word' id='word_1_297' title='bbox 520 1869 554 1907; x_wconf 89' lang='lat' dir='ltr'><strong>si</strong></span> <span class='ocrx_word' id='word_1_298' title='bbox 573 1879 619 1907; x_wconf 88' lang='grc'><strong>08</strong></span> <span class='ocrx_word' id='word_1_299' title='bbox 639 1867 744 1907; x_wconf 85' lang='lat' dir='ltr'><strong>n&#39;est</strong></span> <span class='ocrx_word' id='word_1_300' title='bbox 770 1879 893 1919; x_wconf 84' lang='lat' dir='ltr'><strong>parce</strong></span> <span class='ocrx_word' id='word_1_301' title='bbox 925 1878 1007 1919; x_wconf 92' lang='lat' dir='ltr'><strong>que</strong></span> <span class='ocrx_word' id='word_1_302' title='bbox 1039 1867 1077 1906; x_wconf 89' lang='lat' dir='ltr'><strong>le</strong></span> <span class='ocrx_word' id='word_1_303' title='bbox 1110 1866 1305 1905; x_wconf 85' lang='lat' dir='ltr'><strong>malheur</strong></span> <span class='ocrx_word' id='word_1_304' title='bbox 1324 1866 1376 1906; x_wconf 88' lang='lat' dir='ltr'><strong>de</strong></span> <span class='ocrx_word' id='word_1_305' title='bbox 1396 1878 1442 1905; x_wconf 89' lang='grc'><strong>00</strong></span> <span class='ocrx_word' id='word_1_306' title='bbox 1463 1865 1593 1918; x_wconf 74' lang='lat' dir='ltr'><strong>peche</strong></span> <span class='ocrx_word' id='word_1_307' title='bbox 1626 1877 1652 1904; x_wconf 86' lang='grc'><strong>8</strong></span> <span class='ocrx_word' id='word_1_308' title='bbox 1683 1865 1752 1904; x_wconf 69' lang='lat' dir='ltr'><strong>ete</strong></span> 
     </span>
    </p>
   </div>
   <div class='ocr_carea' id='block_1_8' title="bbox 176 1959 1752 1978">
    <p class='ocr_par' dir='ltr' id='par_1_10' title="bbox 176 1959 1752 1978">
     <span class='ocr_line' id='line_1_30' title="bbox 176 1959 1752 1978; baseline 0 1206"><span class='ocrx_word' id='word_1_309' title='bbox 176 1959 1752 1978; x_wconf 95' lang='lat' dir='ltr'><strong> </strong></span> 
     </span>
    </p>
   </div>
   <div class='ocr_carea' id='block_1_9' title="bbox 139 2009 950 3007">
    <p class='ocr_par' dir='ltr' id='par_1_11' title="bbox 139 2009 947 2804">
     <span class='ocr_line' id='line_1_31' title="bbox 174 2009 944 2057; baseline -0.004 -10"><span class='ocrx_word' id='word_1_310' title='bbox 174 2010 395 2053; x_wconf 77' lang='lat' dir='ltr'><strong>constituti,</strong></span> <span class='ocrx_word' id='word_1_311' title='bbox 429 2020 542 2055; x_wconf 79' lang='lat' dir='ltr'><strong>quam</strong></span> <span class='ocrx_word' id='word_1_312' title='bbox 576 2009 645 2046; x_wconf 91' lang='lat' dir='ltr'><strong>sub</strong></span> <span class='ocrx_word' id='word_1_313' title='bbox 678 2009 814 2057; x_wconf 88' lang='lat' dir='ltr'><strong>primo.</strong></span> <span class='ocrx_word' id='word_1_314' title='bbox 844 2009 944 2045; x_wconf 81' lang='lat' dir='ltr'><strong>Patet</strong></span> 
     </span>
     <span class='ocr_line' id='line_1_32' title="bbox 177 2056 944 2104; baseline -0.003 -10"><span class='ocrx_word' id='word_1_315' title='bbox 177 2058 230 2102; x_wconf 87' lang='lat' dir='ltr'><strong>id,</strong></span> <span class='ocrx_word' id='word_1_316' title='bbox 251 2063 329 2094; x_wconf 90' lang='lat' dir='ltr'><strong>tum</strong></span> <span class='ocrx_word' id='word_1_317' title='bbox 351 2068 397 2093; x_wconf 86' lang='lat' dir='ltr'><strong>ex</strong></span> <span class='ocrx_word' id='word_1_318' title='bbox 420 2058 465 2093; x_wconf 89' lang='lat' dir='ltr'><strong>iis</strong></span> <span class='ocrx_word' id='word_1_319' title='bbox 485 2068 580 2104; x_wconf 85' lang='lat' dir='ltr'><strong>quos</strong></span> <span class='ocrx_word' id='word_1_320' title='bbox 605 2058 683 2104; x_wconf 78' lang='lat' dir='ltr'><strong>jam</strong></span> <span class='ocrx_word' id='word_1_321' title='bbox 716 2056 944 2093; x_wconf 67' lang='lat' dir='ltr'><strong>adduximus</strong></span> 
     </span>
     <span class='ocr_line' id='line_1_33' title="bbox 178 2105 943 2152; baseline -0.003 -10"><span class='ocrx_word' id='word_1_322' title='bbox 178 2105 364 2152; x_wconf 82' lang='lat' dir='ltr'><strong>Apostolis</strong></span> <span class='ocrx_word' id='word_1_323' title='bbox 383 2109 418 2140; x_wconf 85' lang='lat' dir='ltr'><strong>et</strong></span> <span class='ocrx_word' id='word_1_324' title='bbox 440 2105 679 2150; x_wconf 54' lang='grc' dir='ltr'><strong>Μαι-19111185,</strong></span> <span class='ocrx_word' id='word_1_325' title='bbox 702 2115 767 2151; x_wconf 87' lang='lat' dir='ltr'><strong>per</strong></span> <span class='ocrx_word' id='word_1_326' title='bbox 795 2105 943 2140; x_wconf 83' lang='lat' dir='ltr'><strong>dirissi-</strong></span> 
     </span>
     <span class='ocr_line' id='line_1_34' title="bbox 139 2152 945 2195; baseline -0.004 -5"><span class='ocrx_word' id='word_1_327' title='bbox 139 2191 140 2194; x_wconf 65' lang='grc'>,</span> <span class='ocrx_word' id='word_1_328' title='bbox 178 2163 239 2190; x_wconf 80' lang='lat' dir='ltr'><strong>mu</strong></span> <span class='ocrx_word' id='word_1_329' title='bbox 260 2157 461 2195; x_wconf 76' lang='lat' dir='ltr'><strong>toi-menta,</strong></span> <span class='ocrx_word' id='word_1_330' title='bbox 494 2157 530 2188; x_wconf 85' lang='lat' dir='ltr'><strong>et</strong></span> <span class='ocrx_word' id='word_1_331' title='bbox 562 2152 778 2190; x_wconf 81' lang='lat' dir='ltr'><strong>indicibiles</strong></span> <span class='ocrx_word' id='word_1_332' title='bbox 800 2153 945 2189; x_wconf 69' lang='lat' dir='ltr'><strong>labori-s</strong></span> 
     </span>
     <span class='ocr_line' id='line_1_35' title="bbox 175 2201 944 2247; baseline -0.003 -10"><span class='ocrx_word' id='word_1_333' title='bbox 175 2201 223 2238; x_wconf 77' lang='lat' dir='ltr'><strong>ad</strong></span> <span class='ocrx_word' id='word_1_334' title='bbox 256 2210 449 2238; x_wconf 87' lang='lat' dir='ltr'><strong>summum</strong></span> <span class='ocrx_word' id='word_1_335' title='bbox 477 2201 606 2245; x_wconf 70' lang='lat' dir='ltr'><strong>gratiae</strong></span> <span class='ocrx_word' id='word_1_336' title='bbox 638 2205 674 2237; x_wconf 92' lang='lat' dir='ltr'><strong>et</strong></span> <span class='ocrx_word' id='word_1_337' title='bbox 706 2201 836 2247; x_wconf 71' lang='lat' dir='ltr'><strong>glot-ize</strong></span> <span class='ocrx_word' id='word_1_338' title='bbox 868 2201 944 2236; x_wconf 83' lang='lat' dir='ltr'><strong>cul-</strong></span> 
     </span>
     <span class='ocr_line' id='line_1_36' title="bbox 177 2248 946 2295; baseline -0.004 -10"><span class='ocrx_word' id='word_1_339' title='bbox 177 2258 266 2285; x_wconf 86' lang='lat' dir='ltr'><strong>men</strong></span> <span class='ocrx_word' id='word_1_340' title='bbox 299 2248 507 2295; x_wconf 87' lang='lat' dir='ltr'><strong>proveetis;</strong></span> <span class='ocrx_word' id='word_1_341' title='bbox 540 2252 621 2284; x_wconf 90' lang='lat' dir='ltr'><strong>tum</strong></span> <span class='ocrx_word' id='word_1_342' title='bbox 653 2248 693 2284; x_wconf 91' lang='lat' dir='ltr'><strong>in</strong></span> <span class='ocrx_word' id='word_1_343' title='bbox 730 2248 946 2293; x_wconf 71' lang='lat' dir='ltr'><strong>Virginibus</strong></span> 
     </span>
     <span class='ocr_line' id='line_1_37' title="bbox 177 2295 943 2343; baseline -0.001 -11"><span class='ocrx_word' id='word_1_344' title='bbox 177 2306 242 2343; x_wconf 89' lang='lat' dir='ltr'><strong>per</strong></span> <span class='ocrx_word' id='word_1_345' title='bbox 287 2296 428 2333; x_wconf 82' lang='lat' dir='ltr'><strong>luctam</strong></span> <span class='ocrx_word' id='word_1_346' title='bbox 473 2295 577 2332; x_wconf 85' lang='grc'><strong>111881</strong></span> <span class='ocrx_word' id='word_1_347' title='bbox 629 2296 816 2332; x_wconf 80' lang='lat' dir='ltr'><strong>heroicam</strong></span> <span class='ocrx_word' id='word_1_348' title='bbox 858 2306 943 2332; x_wconf 87' lang='lat' dir='ltr'><strong>cum</strong></span> 
     </span>
     <span class='ocr_line' id='line_1_38' title="bbox 177 2344 944 2389; baseline -0.004 -7"><span class='ocrx_word' id='word_1_349' title='bbox 177 2353 291 2382; x_wconf 80' lang='lat' dir='ltr'><strong>carne</strong></span> <span class='ocrx_word' id='word_1_350' title='bbox 309 2348 346 2381; x_wconf 87' lang='lat' dir='ltr'><strong>et</strong></span> <span class='ocrx_word' id='word_1_351' title='bbox 365 2344 501 2379; x_wconf 79' lang='lat' dir='ltr'><strong>satana</strong></span> <span class='ocrx_word' id='word_1_352' title='bbox 526 2344 572 2379; x_wconf 88' lang='lat' dir='ltr'><strong>ad</strong></span> <span class='ocrx_word' id='word_1_353' title='bbox 594 2344 795 2389; x_wconf 83' lang='lat' dir='ltr'><strong>puritatem</strong></span> <span class='ocrx_word' id='word_1_354' title='bbox 822 2348 856 2378; x_wconf 85' lang='grc'><strong>01</strong></span> <span class='ocrx_word' id='word_1_355' title='bbox 886 2354 944 2379; x_wconf 82' lang='lat' dir='ltr'><strong>cu-</strong></span> 
     </span>
     <span class='ocr_line' id='line_1_39' title="bbox 178 2391 945 2437; baseline -0.001 -10"><span class='ocrx_word' id='word_1_356' title='bbox 178 2401 309 2428; x_wconf 85' lang='lat' dir='ltr'><strong>ronam</strong></span> <span class='ocrx_word' id='word_1_357' title='bbox 330 2391 481 2437; x_wconf 80' lang='lat' dir='ltr'><strong>Angelis</strong></span> <span class='ocrx_word' id='word_1_358' title='bbox 500 2391 614 2427; x_wconf 80' lang='lat' dir='ltr'><strong>ctiam</strong></span> <span class='ocrx_word' id='word_1_359' title='bbox 641 2391 772 2437; x_wconf 83' lang='lat' dir='ltr'><strong>primis</strong></span> <span class='ocrx_word' id='word_1_360' title='bbox 801 2401 945 2436; x_wconf 79' lang='lat' dir='ltr'><strong>praepa-</strong></span> 
     </span>
     <span class='ocr_line' id='line_1_40' title="bbox 175 2438 944 2484; baseline -0.003 -9"><span class='ocrx_word' id='word_1_361' title='bbox 175 2442 297 2475; x_wconf 78' lang='lat' dir='ltr'><strong>ratam</strong></span> <span class='ocrx_word' id='word_1_362' title='bbox 342 2438 628 2484; x_wconf 66' lang='lat' dir='ltr'><strong>attingentibus.</strong></span> <span class='ocrx_word' id='word_1_363' title='bbox 648 2438 748 2475; x_wconf 75' lang='lat' dir='ltr'><strong>Patet</strong></span> <span class='ocrx_word' id='word_1_364' title='bbox 772 2439 884 2475; x_wconf 77' lang='lat' dir='ltr'><strong>etium</strong></span> <span class='ocrx_word' id='word_1_365' title='bbox 904 2439 944 2474; x_wconf 91' lang='lat' dir='ltr'><strong>in</strong></span> 
     </span>
     <span class='ocr_line' id='line_1_41' title="bbox 178 2486 945 2533; baseline -0.003 -10"><span class='ocrx_word' id='word_1_366' title='bbox 178 2486 314 2523; x_wconf 70' lang='lat' dir='ltr'><strong>infanti</strong></span> <span class='ocrx_word' id='word_1_367' title='bbox 346 2496 403 2529; x_wconf 81' lang='grc'><strong>85,</strong></span> <span class='ocrx_word' id='word_1_368' title='bbox 435 2486 572 2533; x_wconf 88' lang='lat' dir='ltr'><strong>quibus</strong></span> <span class='ocrx_word' id='word_1_369' title='bbox 611 2496 676 2532; x_wconf 80' lang='lat' dir='ltr'><strong>per</strong></span> <span class='ocrx_word' id='word_1_370' title='bbox 713 2486 945 2532; x_wconf 75' lang='lat' dir='ltr'><strong>Baptismnm</strong></span> 
     </span>
     <span class='ocr_line' id='line_1_42' title="bbox 181 2533 945 2579; baseline 0 -10"><span class='ocrx_word' id='word_1_371' title='bbox 181 2533 298 2579; x_wconf 80' lang='lat' dir='ltr'><strong>maj0r</strong></span> <span class='ocrx_word' id='word_1_372' title='bbox 317 2534 427 2570; x_wconf 78' lang='lat' dir='ltr'><strong>datur</strong></span> <span class='ocrx_word' id='word_1_373' title='bbox 447 2536 564 2579; x_wconf 78' lang='lat' dir='ltr'><strong>gratia</strong></span> <span class='ocrx_word' id='word_1_374' title='bbox 585 2534 712 2577; x_wconf 87' lang='lat' dir='ltr'><strong>modo,</strong></span> <span class='ocrx_word' id='word_1_375' title='bbox 734 2535 768 2570; x_wconf 88' lang='lat' dir='ltr'><strong>vi</strong></span> <span class='ocrx_word' id='word_1_376' title='bbox 791 2534 945 2569; x_wconf 78' lang='lat' dir='ltr'><strong>mci-ito—</strong></span> 
     </span>
     <span class='ocr_line' id='line_1_43' title="bbox 181 2580 945 2627; baseline 0.001 -11"><span class='ocrx_word' id='word_1_377' title='bbox 181 2589 265 2616; x_wconf 88' lang='lat' dir='ltr'><strong>rum</strong></span> <span class='ocrx_word' id='word_1_378' title='bbox 295 2580 448 2623; x_wconf 88' lang='lat' dir='ltr'><strong>Christi,</strong></span> <span class='ocrx_word' id='word_1_379' title='bbox 482 2591 594 2627; x_wconf 86' lang='lat' dir='ltr'><strong>quam</strong></span> <span class='ocrx_word' id='word_1_380' title='bbox 617 2585 706 2618; x_wconf 90' lang='grc'><strong>1880</strong></span> <span class='ocrx_word' id='word_1_381' title='bbox 726 2581 854 2617; x_wconf 83' lang='grc'><strong>1815581</strong></span> <span class='ocrx_word' id='word_1_382' title='bbox 877 2581 945 2617; x_wconf 79' lang='lat' dir='ltr'><strong>du-</strong></span> 
     </span>
     <span class='ocr_line' id='line_1_44' title="bbox 181 2627 946 2674; baseline 0.004 -11"><span class='ocrx_word' id='word_1_383' title='bbox 181 2630 231 2664; x_wconf 83' lang='lat' dir='ltr'><strong>ta.</strong></span> <span class='ocrx_word' id='word_1_384' title='bbox 268 2627 377 2665; x_wconf 84' lang='lat' dir='ltr'><strong>Nunc</strong></span> <span class='ocrx_word' id='word_1_385' title='bbox 402 2628 505 2665; x_wconf 87' lang='lat' dir='ltr'><strong>enim</strong></span> <span class='ocrx_word' id='word_1_386' title='bbox 533 2628 736 2665; x_wconf 82' lang='lat' dir='ltr'><strong>intercedit</strong></span> <span class='ocrx_word' id='word_1_387' title='bbox 760 2630 885 2674; x_wconf 82' lang='lat' dir='ltr'><strong>passio</strong></span> <span class='ocrx_word' id='word_1_388' title='bbox 911 2635 946 2665; x_wconf 91' lang='lat' dir='ltr'><strong>ct</strong></span> 
     </span>
     <span class='ocr_line' id='line_1_45' title="bbox 183 2675 945 2722; baseline -0.001 -10"><span class='ocrx_word' id='word_1_389' title='bbox 183 2683 299 2719; x_wconf 74' lang='lat' dir='ltr'><strong>mors,</strong></span> <span class='ocrx_word' id='word_1_390' title='bbox 318 2679 446 2722; x_wconf 83' lang='lat' dir='ltr'><strong>totque</strong></span> <span class='ocrx_word' id='word_1_391' title='bbox 484 2676 622 2712; x_wconf 83' lang='lat' dir='ltr'><strong>Christi</strong></span> <span class='ocrx_word' id='word_1_392' title='bbox 655 2675 817 2719; x_wconf 79' lang='lat' dir='ltr'><strong>labores,</strong></span> <span class='ocrx_word' id='word_1_393' title='bbox 851 2687 945 2722; x_wconf 84' lang='lat' dir='ltr'><strong>quo-</strong></span> 
     </span>
     <span class='ocr_line' id='line_1_46' title="bbox 182 2721 947 2770; baseline 0.005 -14"><span class='ocrx_word' id='word_1_394' title='bbox 182 2730 268 2757; x_wconf 85' lang='lat' dir='ltr'><strong>rum</strong></span> <span class='ocrx_word' id='word_1_395' title='bbox 286 2721 424 2759; x_wconf 88' lang='lat' dir='ltr'><strong>intuitu</strong></span> <span class='ocrx_word' id='word_1_396' title='bbox 444 2724 563 2770; x_wconf 81' lang='lat' dir='ltr'><strong>gratia</strong></span> <span class='ocrx_word' id='word_1_397' title='bbox 583 2723 783 2760; x_wconf 83' lang='lat' dir='ltr'><strong>abundans</strong></span> <span class='ocrx_word' id='word_1_398' title='bbox 802 2725 947 2760; x_wconf 81' lang='lat' dir='ltr'><strong>conser-</strong></span> 
     </span>
     <span class='ocr_line' id='line_1_47' title="bbox 185 2773 259 2804; baseline 0 -1"><span class='ocrx_word' id='word_1_399' title='bbox 185 2773 259 2804; x_wconf 86' lang='lat' dir='ltr'><strong>tur.</strong></span> 
     </span>
    </p>

    <p class='ocr_par' dir='ltr' id='par_1_12' title="bbox 185 2815 950 3007">
     <span class='ocr_line' id='line_1_48' title="bbox 232 2815 946 2869; baseline 0.003 -18"><span class='ocrx_word' id='word_1_400' title='bbox 232 2815 336 2869; x_wconf 74' lang='lat' dir='ltr'><strong>Sicut</strong></span> <span class='ocrx_word' id='word_1_401' title='bbox 365 2816 471 2855; x_wconf 85' lang='lat' dir='ltr'><strong>euim</strong></span> <span class='ocrx_word' id='word_1_402' title='bbox 500 2817 592 2854; x_wconf 87' lang='lat' dir='ltr'><strong>dicit</strong></span> <span class='ocrx_word' id='word_1_403' title='bbox 620 2817 826 2864; x_wconf 82' lang='lat' dir='ltr'><strong>Scriptura,</strong></span> <span class='ocrx_word' id='word_1_404' title='bbox 847 2818 946 2864; x_wconf 83' lang='lat' dir='ltr'><strong>quod</strong></span> 
     </span>
     <span class='ocr_line' id='line_1_49' title="bbox 185 2862 944 2916; baseline 0.007 -19"><span class='ocrx_word' id='word_1_405' title='bbox 185 2871 340 2916; x_wconf 77' lang='lat' dir='ltr'><strong>copiosa</strong></span> <span class='ocrx_word' id='word_1_406' title='bbox 357 2862 469 2900; x_wconf 84' lang='lat' dir='ltr'><strong>fuerit</strong></span> <span class='ocrx_word' id='word_1_407' title='bbox 486 2865 586 2911; x_wconf 83' lang='lat' dir='ltr'><strong>apud</strong></span> <span class='ocrx_word' id='word_1_408' title='bbox 605 2875 692 2902; x_wconf 88' lang='lat' dir='ltr'><strong>eum</strong></span> <span class='ocrx_word' id='word_1_409' title='bbox 714 2865 944 2911; x_wconf 85' lang='lat' dir='ltr'><strong>redemptio;</strong></span> 
     </span>
     <span class='ocr_line' id='line_1_50' title="bbox 185 2910 947 2959; baseline 0.005 -14"><span class='ocrx_word' id='word_1_410' title='bbox 185 2919 240 2946; x_wconf 84' lang='grc'><strong>510</strong></span> <span class='ocrx_word' id='word_1_411' title='bbox 260 2914 374 2946; x_wconf 85' lang='lat' dir='ltr'><strong>ettam</strong></span> <span class='ocrx_word' id='word_1_412' title='bbox 391 2910 580 2957; x_wconf 79' lang='lat' dir='ltr'><strong>significat</strong></span> <span class='ocrx_word' id='word_1_413' title='bbox 599 2913 803 2959; x_wconf 83' lang='lat' dir='ltr'><strong>redemptis</strong></span> <span class='ocrx_word' id='word_1_414' title='bbox 816 2914 947 2959; x_wconf 88' lang='lat' dir='ltr'><strong>copio-</strong></span> 
     </span>
     <span class='ocr_line' id='line_1_51' title="bbox 185 2956 950 3007; baseline 0.004 -14"><span class='ocrx_word' id='word_1_415' title='bbox 185 2967 267 2994; x_wconf 77' lang='lat' dir='ltr'><strong>sam</strong></span> <span class='ocrx_word' id='word_1_416' title='bbox 280 2956 614 3006; x_wconf 81' lang='lat' dir='ltr'><strong>abundantemque</strong></span> <span class='ocrx_word' id='word_1_417' title='bbox 625 2960 784 3007; x_wconf 83' lang='lat' dir='ltr'><strong>gratiam</strong></span> <span class='ocrx_word' id='word_1_418' title='bbox 796 2970 877 2998; x_wconf 85' lang='lat' dir='ltr'><strong>esse</strong></span> <span class='ocrx_word' id='word_1_419' title='bbox 887 2963 950 2997; x_wconf 85' lang='lat' dir='ltr'><strong>da-</strong></span> 
     </span>
    </p>
   </div>
   <div class='ocr_carea' id='block_1_10' title="bbox 984 2006 1758 3005">
    <p class='ocr_par' dir='ltr' id='par_1_13' title="bbox 984 2006 1754 2340">
     <span class='ocr_line' id='line_1_52' title="bbox 986 2006 1751 2055; baseline -0.001 -12"><span class='ocrx_word' id='word_1_420' title='bbox 986 2014 1076 2051; x_wconf 75' lang='lat' dir='ltr'><strong>tam,</strong></span> <span class='ocrx_word' id='word_1_421' title='bbox 1087 2018 1170 2054; x_wconf 79' lang='lat' dir='ltr'><strong>quae</strong></span> <span class='ocrx_word' id='word_1_422' title='bbox 1181 2008 1310 2054; x_wconf 74' lang='lat' dir='ltr'><strong>gloriae</strong></span> <span class='ocrx_word' id='word_1_423' title='bbox 1323 2008 1486 2055; x_wconf 79' lang='lat' dir='ltr'><strong>copiusae</strong></span> <span class='ocrx_word' id='word_1_424' title='bbox 1499 2006 1751 2044; x_wconf 77' lang='grc'><strong>8181188888-</strong></span> 
     </span>
     <span class='ocr_line' id='line_1_53' title="bbox 986 2056 1752 2102; baseline -0.001 -11"><span class='ocrx_word' id='word_1_425' title='bbox 986 2057 1247 2102; x_wconf 71' lang='lat' dir='ltr'><strong>tis,tstm‹1u:tm</strong></span> <span class='ocrx_word' id='word_1_426' title='bbox 1264 2057 1410 2098; x_wconf 84' lang='lat' dir='ltr'><strong>messis,</strong></span> <span class='ocrx_word' id='word_1_427' title='bbox 1426 2056 1472 2091; x_wconf 88' lang='lat' dir='ltr'><strong>sit</strong></span> <span class='ocrx_word' id='word_1_428' title='bbox 1488 2066 1631 2091; x_wconf 84' lang='lat' dir='ltr'><strong>semen.</strong></span> <span class='ocrx_word' id='word_1_429' title='bbox 1649 2057 1752 2098; x_wconf 81' lang='lat' dir='ltr'><strong>Qua-</strong></span> 
     </span>
     <span class='ocr_line' id='line_1_54' title="bbox 987 2100 1753 2150; baseline 0 -12"><span class='ocrx_word' id='word_1_430' title='bbox 987 2109 1135 2150; x_wconf 71' lang='lat' dir='ltr'><strong>propter</strong></span> <span class='ocrx_word' id='word_1_431' title='bbox 1147 2114 1275 2140; x_wconf 76' lang='lat' dir='ltr'><strong>verum</strong></span> <span class='ocrx_word' id='word_1_432' title='bbox 1290 2109 1343 2139; x_wconf 80' lang='grc'><strong>051</strong></span> <span class='ocrx_word' id='word_1_433' title='bbox 1362 2104 1453 2139; x_wconf 84' lang='lat' dir='ltr'><strong>illud</strong></span> <span class='ocrx_word' id='word_1_434' title='bbox 1467 2102 1632 2148; x_wconf 79' lang='lat' dir='ltr'><strong>Apostoli</strong></span> <span class='ocrx_word' id='word_1_435' title='bbox 1643 2100 1753 2139; x_wconf 63' lang='lat' dir='ltr'><strong>nubi</strong></span> 
     </span>
     <span class='ocr_line' id='line_1_55' title="bbox 984 2149 1753 2196; baseline -0.001 -10"><span class='ocrx_word' id='word_1_436' title='bbox 984 2152 1189 2187; x_wconf 71' lang='lat' dir='ltr'><strong>abundavit</strong></span> <span class='ocrx_word' id='word_1_437' title='bbox 1227 2152 1424 2193; x_wconf 80' lang='lat' dir='ltr'><strong>delictum,</strong></span> <span class='ocrx_word' id='word_1_438' title='bbox 1463 2149 1753 2196; x_wconf 76' lang='lat' dir='ltr'><strong>superabunda-</strong></span> 
     </span>
     <span class='ocr_line' id='line_1_56' title="bbox 987 2197 1754 2245; baseline 0.003 -12"><span class='ocrx_word' id='word_1_439' title='bbox 987 2201 1035 2235; x_wconf 86' lang='lat' dir='ltr'><strong>vit</strong></span> <span class='ocrx_word' id='word_1_440' title='bbox 1051 2204 1084 2235; x_wconf 83' lang='grc'><strong>01</strong></span> <span class='ocrx_word' id='word_1_441' title='bbox 1106 2199 1224 2242; x_wconf 61' lang='lat' dir='ltr'><strong>graina</strong></span> <span class='ocrx_word' id='word_1_442' title='bbox 1243 2215 1252 2242; x_wconf 72' lang='grc' dir='ltr'>ς</span> <span class='ocrx_word' id='word_1_443' title='bbox 1272 2214 1284 2230; x_wconf 76' lang='lat' dir='ltr'>n</span> <span class='ocrx_word' id='word_1_444' title='bbox 1299 2204 1334 2235; x_wconf 85' lang='lat' dir='ltr'><strong>et</strong></span> <span class='ocrx_word' id='word_1_445' title='bbox 1356 2199 1440 2245; x_wconf 86' lang='lat' dir='ltr'><strong>plus</strong></span> <span class='ocrx_word' id='word_1_446' title='bbox 1461 2197 1644 2244; x_wconf 82' lang='lat' dir='ltr'><strong>reparavit</strong></span> <span class='ocrx_word' id='word_1_447' title='bbox 1663 2206 1754 2243; x_wconf 69' lang='lat' dir='ltr'><strong>gru-</strong></span> 
     </span>
     <span class='ocr_line' id='line_1_57' title="bbox 987 2245 1754 2292; baseline 0.001 -10"><span class='ocrx_word' id='word_1_448' title='bbox 987 2248 1035 2283; x_wconf 79' lang='lat' dir='ltr'><strong>tia</strong></span> <span class='ocrx_word' id='word_1_449' title='bbox 1057 2247 1292 2289; x_wconf 79' lang='lat' dir='ltr'><strong>redimentis,</strong></span> <span class='ocrx_word' id='word_1_450' title='bbox 1314 2256 1427 2292; x_wconf 76' lang='lat' dir='ltr'><strong>quam</strong></span> <span class='ocrx_word' id='word_1_451' title='bbox 1449 2246 1568 2281; x_wconf 77' lang='lat' dir='ltr'><strong>ruinae</strong></span> <span class='ocrx_word' id='word_1_452' title='bbox 1588 2245 1754 2283; x_wconf 84' lang='lat' dir='ltr'><strong>damno-</strong></span> 
     </span>
     <span class='ocr_line' id='line_1_58' title="bbox 985 2293 1581 2340; baseline -0.003 -10"><span class='ocrx_word' id='word_1_453' title='bbox 985 2307 1035 2331; x_wconf 79' lang='lat' dir='ltr'><strong>sae</strong></span> <span class='ocrx_word' id='word_1_454' title='bbox 1055 2295 1222 2332; x_wconf 81' lang='lat' dir='ltr'><strong>attulerit</strong></span> <span class='ocrx_word' id='word_1_455' title='bbox 1241 2294 1354 2340; x_wconf 84' lang='lat' dir='ltr'><strong>culpa</strong></span> <span class='ocrx_word' id='word_1_456' title='bbox 1374 2293 1581 2340; x_wconf 78' lang='lat' dir='ltr'><strong>peccantis.</strong></span> 
     </span>
    </p>

    <p class='ocr_par' dir='ltr' id='par_1_14' title="bbox 985 2340 1758 3005">
     <span class='ocr_line' id='line_1_59' title="bbox 1034 2340 1755 2379; baseline -0.006 0"><span class='ocrx_word' id='word_1_457' title='bbox 1034 2343 1121 2379; x_wconf 81' lang='lat' dir='ltr'><strong>lloee</strong></span> <span class='ocrx_word' id='word_1_458' title='bbox 1165 2346 1221 2379; x_wconf 84' lang='lat' dir='ltr'><strong>est</strong></span> <span class='ocrx_word' id='word_1_459' title='bbox 1262 2342 1376 2378; x_wconf 81' lang='lat' dir='ltr'><strong>etiam</strong></span> <span class='ocrx_word' id='word_1_460' title='bbox 1417 2341 1604 2376; x_wconf 82' lang='lat' dir='ltr'><strong>sententia</strong></span> <span class='ocrx_word' id='word_1_461' title='bbox 1640 2340 1755 2379; x_wconf 79' lang='lat' dir='ltr'><strong>Sane-</strong></span> 
     </span>
     <span class='ocr_line' id='line_1_60' title="bbox 986 2387 1754 2433; baseline -0.003 -7"><span class='ocrx_word' id='word_1_462' title='bbox 986 2396 1110 2427; x_wconf 83' lang='lat' dir='ltr'><strong>torum</strong></span> <span class='ocrx_word' id='word_1_463' title='bbox 1165 2389 1339 2431; x_wconf 57' lang='lat' dir='ltr'><strong>Petrum,</strong></span> <span class='ocrx_word' id='word_1_464' title='bbox 1394 2390 1491 2425; x_wconf 84' lang='lat' dir='ltr'><strong>inter</strong></span> <span class='ocrx_word' id='word_1_465' title='bbox 1550 2397 1643 2433; x_wconf 79' lang='lat' dir='ltr'><strong>quos</strong></span> <span class='ocrx_word' id='word_1_466' title='bbox 1692 2387 1754 2424; x_wconf 90' lang='grc'><strong>10-</strong></span> 
     </span>
     <span class='ocr_line' id='line_1_61' title="bbox 986 2434 1755 2484; baseline 0 -12"><span class='ocrx_word' id='word_1_467' title='bbox 986 2438 1111 2484; x_wconf 75' lang='lat' dir='ltr'><strong>quitur</strong></span> <span class='ocrx_word' id='word_1_468' title='bbox 1159 2437 1213 2474; x_wconf 90' lang='grc'><strong>510</strong></span> <span class='ocrx_word' id='word_1_469' title='bbox 1261 2437 1472 2474; x_wconf 71' lang='lat' dir='ltr'><strong>Bernartius</strong></span> <span class='ocrx_word' id='word_1_470' title='bbox 1518 2446 1526 2470; x_wconf 75' lang='lat' dir='ltr'><strong>t</strong></span> <span class='ocrx_word' id='word_1_471' title='bbox 1566 2450 1580 2469; x_wconf 87' lang='grc' dir='ltr'>ι</span> <span class='ocrx_word' id='word_1_472' title='bbox 1629 2434 1755 2472; x_wconf 82' lang='lat' dir='ltr'><strong>Vehe-</strong></span> 
     </span>
     <span class='ocr_line' id='line_1_62' title="bbox 987 2482 1754 2529; baseline -0.001 -8"><span class='ocrx_word' id='word_1_473' title='bbox 987 2491 1130 2522; x_wconf 75' lang='lat' dir='ltr'><strong>menter</strong></span> <span class='ocrx_word' id='word_1_474' title='bbox 1163 2484 1286 2529; x_wconf 78' lang='lat' dir='ltr'><strong>nobis,</strong></span> <span class='ocrx_word' id='word_1_475' title='bbox 1306 2482 1559 2526; x_wconf 82' lang='lat' dir='ltr'><strong>dilectissimi,</strong></span> <span class='ocrx_word' id='word_1_476' title='bbox 1589 2492 1754 2520; x_wconf 79' lang='lat' dir='ltr'><strong>nocuere</strong></span> 
     </span>
     <span class='ocr_line' id='line_1_63' title="bbox 988 2530 1756 2575; baseline -0.001 -6"><span class='ocrx_word' id='word_1_477' title='bbox 988 2534 1040 2569; x_wconf 81' lang='lat' dir='ltr'><strong>vit·</strong></span> <span class='ocrx_word' id='word_1_478' title='bbox 1091 2543 1203 2575; x_wconf 86' lang='lat' dir='ltr'><strong>unus,</strong></span> <span class='ocrx_word' id='word_1_479' title='bbox 1251 2538 1286 2568; x_wconf 87' lang='lat' dir='ltr'><strong>ct</strong></span> <span class='ocrx_word' id='word_1_480' title='bbox 1335 2532 1473 2567; x_wconf 89' lang='lat' dir='ltr'><strong>mulier</strong></span> <span class='ocrx_word' id='word_1_481' title='bbox 1526 2540 1631 2575; x_wconf 75' lang='lat' dir='ltr'><strong>uua3</strong></span> <span class='ocrx_word' id='word_1_482' title='bbox 1687 2530 1756 2568; x_wconf 86' lang='lat' dir='ltr'><strong>sed</strong></span> 
     </span>
     <span class='ocr_line' id='line_1_64' title="bbox 985 2578 1757 2626; baseline -0.001 -10"><span class='ocrx_word' id='word_1_483' title='bbox 985 2581 1122 2626; x_wconf 74' lang='lat' dir='ltr'><strong>gratias</strong></span> <span class='ocrx_word' id='word_1_484' title='bbox 1145 2581 1234 2618; x_wconf 82' lang='lat' dir='ltr'><strong>Deo.</strong></span> <span class='ocrx_word' id='word_1_485' title='bbox 1256 2590 1322 2625; x_wconf 85' lang='lat' dir='ltr'><strong>per</strong></span> <span class='ocrx_word' id='word_1_486' title='bbox 1345 2589 1463 2614; x_wconf 88' lang='lat' dir='ltr'><strong>unum</strong></span> <span class='ocrx_word' id='word_1_487' title='bbox 1483 2579 1599 2615; x_wconf 83' lang='lat' dir='ltr'><strong>etiam</strong></span> <span class='ocrx_word' id='word_1_488' title='bbox 1633 2578 1757 2615; x_wconf 84' lang='lat' dir='ltr'><strong>homi-</strong></span> 
     </span>
     <span class='ocr_line' id='line_1_65' title="bbox 987 2626 1756 2670; baseline -0.001 -6"><span class='ocrx_word' id='word_1_489' title='bbox 987 2639 1073 2665; x_wconf 78' lang='lat' dir='ltr'><strong>nem</strong></span> <span class='ocrx_word' id='word_1_490' title='bbox 1121 2633 1157 2663; x_wconf 89' lang='grc'><strong>01</strong></span> <span class='ocrx_word' id='word_1_491' title='bbox 1203 2627 1402 2662; x_wconf 78' lang='lat' dir='ltr'><strong>mulierem</strong></span> <span class='ocrx_word' id='word_1_492' title='bbox 1449 2627 1581 2670; x_wconf 80' lang='lat' dir='ltr'><strong>unam,</strong></span> <span class='ocrx_word' id='word_1_493' title='bbox 1624 2626 1756 2663; x_wconf 81' lang='lat' dir='ltr'><strong>omnia</strong></span> 
     </span>
     <span class='ocr_line' id='line_1_66' title="bbox 987 2673 1756 2720; baseline -0.001 -9"><span class='ocrx_word' id='word_1_494' title='bbox 987 2679 1256 2717; x_wconf 72' lang='lat' dir='ltr'><strong>restaurantur,</strong></span> <span class='ocrx_word' id='word_1_495' title='bbox 1280 2685 1357 2709; x_wconf 89' lang='grc'><strong>808</strong></span> <span class='ocrx_word' id='word_1_496' title='bbox 1385 2673 1468 2709; x_wconf 86' lang='grc'><strong>5188</strong></span> <span class='ocrx_word' id='word_1_497' title='bbox 1496 2673 1639 2710; x_wconf 75' lang='lat' dir='ltr'><strong>toenore</strong></span> <span class='ocrx_word' id='word_1_498' title='bbox 1665 2683 1756 2720; x_wconf 76' lang='lat' dir='ltr'><strong>gra-</strong></span> 
     </span>
     <span class='ocr_line' id='line_1_67' title="bbox 987 2721 1757 2759; baseline -0.004 0"><span class='ocrx_word' id='word_1_499' title='bbox 987 2725 1136 2759; x_wconf 83' lang='lat' dir='ltr'><strong>tiarum.</strong></span> <span class='ocrx_word' id='word_1_500' title='bbox 1163 2737 1176 2754; x_wconf 83' lang='lat'>»</span> <span class='ocrx_word' id='word_1_501' title='bbox 1195 2723 1236 2757; x_wconf 88' lang='lat' dir='ltr'><strong>tn</strong></span> <span class='ocrx_word' id='word_1_502' title='bbox 1257 2721 1429 2757; x_wconf 81' lang='lat' dir='ltr'><strong>eamdem</strong></span> <span class='ocrx_word' id='word_1_503' title='bbox 1444 2721 1672 2757; x_wconf 85' lang='lat' dir='ltr'><strong>sententiam</strong></span> <span class='ocrx_word' id='word_1_504' title='bbox 1691 2721 1757 2757; x_wconf 85' lang='lat' dir='ltr'><strong>di·-</strong></span> 
     </span>
     <span class='ocr_line' id='line_1_68' title="bbox 986 2767 1757 2815; baseline -0.003 -8"><span class='ocrx_word' id='word_1_505' title='bbox 986 2772 1035 2807; x_wconf 90' lang='lat' dir='ltr'><strong>cit</strong></span> <span class='ocrx_word' id='word_1_506' title='bbox 1073 2771 1233 2806; x_wconf 80' lang='lat' dir='ltr'><strong>Sanctus</strong></span> <span class='ocrx_word' id='word_1_507' title='bbox 1271 2768 1502 2815; x_wconf 84' lang='lat' dir='ltr'><strong>Gregorius:</strong></span> <span class='ocrx_word' id='word_1_508' title='bbox 1541 2783 1555 2800; x_wconf 75' lang='grc' dir='ltr'>α</span> <span class='ocrx_word' id='word_1_509' title='bbox 1596 2768 1626 2804; x_wconf 91' lang='lat' dir='ltr'>O</span> <span class='ocrx_word' id='word_1_510' title='bbox 1662 2767 1757 2805; x_wconf 82' lang='lat' dir='ltr'><strong>felix</strong></span> 
     </span>
     <span class='ocr_line' id='line_1_69' title="bbox 986 2815 1758 2863; baseline -0.001 -9"><span class='ocrx_word' id='word_1_511' title='bbox 986 2818 1112 2863; x_wconf 75' lang='lat' dir='ltr'><strong>culpa,</strong></span> <span class='ocrx_word' id='word_1_512' title='bbox 1134 2827 1217 2862; x_wconf 82' lang='lat' dir='ltr'><strong>quae</strong></span> <span class='ocrx_word' id='word_1_513' title='bbox 1239 2816 1351 2852; x_wconf 84' lang='lat' dir='ltr'><strong>talem</strong></span> <span class='ocrx_word' id='word_1_514' title='bbox 1371 2826 1415 2853; x_wconf 80' lang='lat' dir='ltr'><strong>ac</strong></span> <span class='ocrx_word' id='word_1_515' title='bbox 1439 2820 1588 2852; x_wconf 83' lang='lat' dir='ltr'><strong>tantum</strong></span> <span class='ocrx_word' id='word_1_516' title='bbox 1618 2815 1758 2853; x_wconf 84' lang='lat' dir='ltr'><strong>meruit</strong></span> 
     </span>
     <span class='ocr_line' id='line_1_70' title="bbox 988 2862 1757 2910; baseline -0.001 -9"><span class='ocrx_word' id='word_1_517' title='bbox 988 2865 1264 2910; x_wconf 85' lang='lat' dir='ltr'><strong>redemptorem</strong></span> <span class='ocrx_word' id='word_1_518' title='bbox 1298 2863 1305 2899; x_wconf 92' lang='lat'>!</span> <span class='ocrx_word' id='word_1_519' title='bbox 1356 2878 1371 2896; x_wconf 74' lang='grc' dir='ltr'><strong>ι</strong></span> <span class='ocrx_word' id='word_1_520' title='bbox 1419 2863 1615 2907; x_wconf 88' lang='lat' dir='ltr'><strong>Quomodo</strong></span> <span class='ocrx_word' id='word_1_521' title='bbox 1663 2862 1757 2905; x_wconf 83' lang='lat' dir='ltr'><strong>felix</strong></span> 
     </span>
     <span class='ocr_line' id='line_1_71' title="bbox 987 2910 1756 2958; baseline 0 -10"><span class='ocrx_word' id='word_1_522' title='bbox 987 2914 1115 2958; x_wconf 77' lang='lat' dir='ltr'><strong>eulpa,</strong></span> <span class='ocrx_word' id='word_1_523' title='bbox 1150 2915 1225 2948; x_wconf 88' lang='lat' dir='ltr'><strong>toto</strong></span> <span class='ocrx_word' id='word_1_524' title='bbox 1256 2910 1349 2949; x_wconf 85' lang='lat' dir='ltr'><strong>orbi·</strong></span> <span class='ocrx_word' id='word_1_525' title='bbox 1370 2910 1651 2955; x_wconf 78' lang='lat' dir='ltr'><strong>infelicissima,</strong></span> <span class='ocrx_word' id='word_1_526' title='bbox 1676 2910 1756 2950; x_wconf 82' lang='grc'><strong>8151</strong></span> 
     </span>
     <span class='ocr_line' id='line_1_72' title="bbox 988 2957 1756 3005; baseline -0.001 -8"><span class='ocrx_word' id='word_1_527' title='bbox 988 2970 1035 2997; x_wconf 83' lang='lat' dir='ltr'><strong>ex</strong></span> <span class='ocrx_word' id='word_1_528' title='bbox 1065 2969 1110 2996; x_wconf 90' lang='grc'><strong>80</strong></span> <span class='ocrx_word' id='word_1_529' title='bbox 1141 2959 1265 3005; x_wconf 83' lang='lat' dir='ltr'><strong>capite</strong></span> <span class='ocrx_word' id='word_1_530' title='bbox 1294 2958 1395 3005; x_wconf 87' lang='lat' dir='ltr'><strong>quod</strong></span> <span class='ocrx_word' id='word_1_531' title='bbox 1422 2957 1684 2999; x_wconf 74' lang='lat' dir='ltr'><strong>infelicitatem</strong></span> <span class='ocrx_word' id='word_1_532' title='bbox 1704 2958 1756 2996; x_wconf 90' lang='lat' dir='ltr'><strong>il-</strong></span> 
     </span>
    </p>
   </div>
  </div>
 </body>
</html>
