1858 3184
1639 136 1713 203 m

145 261 302 301 devant
323 271 429 300 nous
447 261 489 300 et
502 261 618 311 pour
629 266 750 304 nous,
773 265 956 295 reconnu
978 256 1022 294 et
1040 253 1167 293 adore
1184 265 1265 305 par
1282 252 1318 291 le
1338 252 1418 292 ciel
1437 255 1479 292 et
1498 253 1540 292 la
1559 256 1671 293 terre
1692 254 1721 294 ὰ

147 337 216 365 ces
231 325 429 378 prodigos
449 323 601 363 divers.

203 391 236 430 ll
256 393 316 431 est
334 389 544 429 vraiment
563 385 667 426 Dieu
687 396 788 425 avec
807 396 926 433 nous,
952 385 1072 436 apres
1092 395 1136 422 sa
1156 385 1268 422 mort
1287 386 1330 422 et
1348 394 1395 421 sa
1419 382 1717 434 resurrection,

149 455 291 508 quand
309 455 338 494 il
357 463 554 494 converse
575 451 731 491 durant
750 452 958 503 qum-ante
974 449 1094 501 jours
1124 460 1223 488 avec
1255 460 1319 487 ses
1351 448 1533 500 apotres,
1555 447 1639 486 efin
1667 447 1718 487 de

151 532 256 561 nous
275 518 476 560 instruire
493 517 588 569 plus
607 516 933 568 completement
951 514 1006 554 du
1027 525 1231 565 royeume
1252 513 1302 552 de
1323 513 1444 552 Dieu.

202 587 232 627 ll
253 587 316 626 est
342 583 550 623 vraiment
582 580 847 626 Emmanuel,
881 580 989 620 Dieu
1019 590 1120 618 avec
1152 590 1272 627 nous,
1307 579 1445 617 meme
1482 578 1606 630 apres
1642 588 1719 617 son

143 650 360 692 ascension
381 649 452 703 qui
472 647 630 688 semble
649 659 755 686 nous
777 645 923 685 l’avoir
941 644 1154 690 soustrait,
1188 643 1384 695 puisqu'il
1424 655 1477 682 ne
1510 654 1615 682 nous
1642 642 1718 682 de-

147 715 268 756 luisse
286 725 361 767 pas
379 712 432 753 de
450 725 494 752 sa
514 714 712 765 presence
731 710 964 764 spirituelle
983 712 1025 750 et
1045 708 1379 754 sacramentane,
1414 711 1455 748 et
1488 707 1588 759 qu'il
1620 710 1720 747 vein

146 781 367 821 domeurer
395 778 502 818 ainsi
533 771 633 817 arec
663 789 767 817 nous
791 776 962 828 jusqu’e
993 775 1033 814 la
1066 775 1122 814 fin
1154 774 1226 814 des
1258 773 1416 819 siecles,
1450 774 1572 824 apres
1612 784 1721 812 nous

143 845 263 886 avoir
282 844 408 884 retire
426 855 472 883 sa
491 845 688 895 presence
709 840 939 894 corporelle
961 841 989 879 ¹.
1014 840 1120 880 C'est
1141 839 1348 892 pourquoi
1381 838 1410 877 il
1444 838 1521 886 dit,
1544 850 1596 877 en
1616 849 1720 890 par-

147 910 237 950 lunt
256 909 306 950 de
326 910 539 949 lui-meme
563 921 605 947 z«
625 908 647 948 J
653 919 674 947 e
691 907 777 946 suis
797 918 895 946 avec
916 918 1019 945 vous
1038 905 1204 957 jusqu'ii
1232 905 1273 943 la
1294 903 1629 943 consommation
1650 902 1723 943 des

144 974 306 1014 siecles.
327 973 489 1027 (Matth.
511 973 677 1026 xxvm.)
699 986 717 1010 »ι
736 973 788 1013 Et
806 971 914 1011 ainsi
934 971 960 1010 il
984 982 1026 1010 se
1047 971 1123 1010 fait
1145 982 1220 1022 par
1240 982 1297 1008 un
1320 969 1595 1020 temoignage
1617 968 1718 1008 irre-

147 1039 339 1091 fragahle
359 1039 397 1079 le
418 1051 569 1091 propre
589 1038 751 1078 temoin
772 1037 822 1076 de
844 1038 951 1076 cette
972 1037 1120 1075 verite.
1143 1036 1195 1075 Et
1216 1035 1322 1074 ainsi
1342 1046 1508 1075 encore,
1533 1045 1589 1072 on
1608 1044 1634 1072 a
1663 1044 1721 1085 pu

147 1105 252 1153 dire,
275 1117 327 1145 en
347 1106 442 1144 tous
463 1104 522 1143 les
543 1103 701 1151 siecles,
723 1104 748 1142 ὲ
768 1114 890 1142 cause
923 1102 974 1141 de
1006 1113 1051 1141 ce
1084 1102 1266 1152 mystere
1297 1100 1349 1140 de
1381 1111 1456 1139 son
1489 1097 1724 1139 admirable

147 1171 360 1223 presence,
381 1181 427 1209 ce
442 1170 570 1222 qu'on
590 1169 639 1208 lit
659 1168 764 1208 dans
794 1166 1074 1220 l'Apocalypse
1094 1180 1109 1206 .·
1134 1180 1153 1203 «
1175 1165 1293 1206 Voici
1326 1165 1365 1204 le
1396 1163 1639 1219 tabernaclo
1670 1163 1723 1203 de

147 1236 255 1276 Dieu
273 1246 376 1275 avec
395 1234 454 1275 les
473 1234 677 1280 hommes,
700 1236 742 1273 et
763 1232 791 1272 il
810 1233 1059 1272 demeurera
1089 1242 1188 1270 avec
1221 1242 1319 1278 eux,
1352 1233 1396 1270 et
1423 1230 1453 1268 il
1485 1231 1627 1268 seront
1646 1239 1722 1268 son

149 1300 320 1352 peuple;
343 1303 386 1338 et
410 1299 532 1348 Dieu,
553 1300 804 1338 demeurant
835 1296 1057 1336 lui-meme
1089 1308 1143 1335 au
1175 1295 1319 1335 milieu
1353 1294 1492 1350 d'eux,
1517 1306 1610 1333 sera
1630 1292 1723 1333 leur

149 1363 270 1404 meu.
291 1362 394 1416 (xxl,
416 1363 475 1416 3.)
495 1377 514 1400 n
543 1398 546 1400 .

203 1430 343 1476 Enfin,
366 1429 396 1468 il
416 1433 478 1469 est
498 1429 707 1468 vraiment
727 1427 994 1475 Emmanuel,
1013 1427 1221 1466 vreiment
1240 1426 1344 1465 Dieu
1365 1436 1464 1464 avec
1485 1436 1607 1470 nous,
1626 1435 1725 1463 nou·

148 1495 381 1535 seulement
392 1506 446 1533 au
457 1497 592 1546 temps
605 1491 901 1545 present,msis
914 1502 1066 1531 encore
1078 1491 1183 1530 dans
1196 1494 1314 1529 toute
1328 1490 1533 1529 l'eteruite
1542 1490 1567 1528 ὰ
1581 1488 1718 1535 venir,

151 1571 274 1612 parce
293 1559 394 1611 qu'il
414 1571 521 1598 nous
539 1558 721 1610 prendre
741 1558 891 1610 eupres
904 1556 956 1596 de
971 1556 1043 1603 lui,
1062 1559 1103 1596 et
1120 1568 1226 1595 nous
1246 1567 1456 1607 pourrous
1474 1567 1580 1594 nous
1597 1554 1724 1606 glori-

148 1624 227 1665 fier
244 1624 346 1664 dans
365 1625 402 1663 la
422 1624 549 1664 claire
574 1623 724 1670 vision,
747 1622 1043 1678 possessionIet
1058 1622 1293 1674 jouissauce
1315 1621 1366 1660 de
1387 1633 1462 1660 son
1484 1619 1721 1660 immanite.

203 1690 375 1730 Comme
390 1689 434 1741 je
454 1688 522 1728 l’ai
544 1688 605 1728 dit
625 1688 808 1737 ailleurs,
831 1686 930 1728 c’est
953 1688 1004 1727 de
1024 1700 1069 1727 ce
1091 1699 1191 1727 nom
1211 1685 1508 1734 d'Emmanuel,
1543 1684 1672 1738 qu’on
1697 1696 1724 1724 ιι

150 1754 226 1794 fait
244 1766 322 1807 par
340 1754 599 1794 abreviation
632 1757 753 1793 notre
785 1756 874 1793 mot
905 1753 957 1793 de
990 1751 1110 1801 Νοέἱ,
1144 1752 1409 1800 α’θςῐ-ὲι-ἀίτο,
1436 1766 1455 1789 α
1485 1751 1589 1791 Dieu
1623 1761 1725 1792 avec

152 1831 258 1860 nous
277 1833 297 1856 »
321 1831 377 1859 οιι
401 1833 420 1858 «
440 1823 560 1859 autre
580 1820 701 1868 Dieu,
728 1835 746 1855 »
770 1830 851 1871 que
871 1831 978 1858 nous
997 1819 1195 1871 repetens
1213 1818 1510 1869 joyeusement
1529 1817 1637 1855 dans
1667 1815 1725 1856 les

785 176 810 206 0
839 174 1081 206 munuum„

197 1940 205 1961 ¹
229 1938 391 1971 L’cuteur
408 1941 493 1970 veut
511 1938 586 1970 dire
609 1949 626 1966 «
645 1946 684 1969 sa
709 1937 882 1979 presence
911 1936 1050 1975 visible‚
1071 1950 1087 1965 n
1110 1945 1169 1968 car
1200 1936 1233 1968 la
1263 1936 1433 1977 presence
1460 1935 1725 1976 eucharistiquc

149 1987 206 2017 est
227 1994 296 2017 une
315 1986 486 2027 presence
507 1984 715 2027 corporelle.
737 1983 837 2026 (Note
858 1983 905 2015 du
929 1983 1048 2025 Trad.)

152 2129 208 2165 cis
255 2133 289 2164 et
337 2127 517 2164 castellis,
571 2127 663 2164 Vere
712 2126 919 2165 Nobiscum

156 2176 267 2220 Deus,
287 2176 379 2212 dum
398 2186 526 2212 coram
545 2175 657 2212 nobis
689 2180 725 2211 et
758 2185 825 2221 pro
847 2185 919 2211 no-

155 2223 212 2260 bis
247 2224 287 2260 in
325 2223 428 2270 ligno
464 2223 603 2270 pendet
639 2222 858 2265 crucifixus,
899 2233 920 2258 a

153 2271 257 2308 Coelo
276 2274 313 2308 et
332 2276 430 2308 terra
449 2270 564 2307 variis
595 2270 777 2317 prodigiis
806 2270 916 2316 agni·

153 2322 214 2356 lus
251 2322 288 2356 et
333 2319 521 2356 adoratus.
571 2318 663 2355 Vere
712 2318 919 2356 Nobiscum

156 2367 268 2411 Deus,
299 2371 382 2413 post
414 2370 575 2402 mortem
607 2371 643 2402 et
675 2366 920 2402 resurrectio-

155 2424 244 2451 nem
275 2414 523 2461 quadraginta
542 2413 676 2450 diebus
696 2418 736 2450 ut
756 2413 920 2450 erudiret

156 2469 225 2498 nos
261 2461 504 2510 plenius-de
549 2471 666 2508 regno
712 2461 793 2507 Dei,
831 2470 920 2498 cum

158 2508 343 2555 Apostolis
374 2513 631 2546 conversatus.
653 2509 745 2546 Vere
764 2509 920 2546 Emma-

156 2555 247 2592 nuel
266 2561 302 2592 et
320 2557 529 2594 Nobiscum
560 2557 671 2601 Deus,
692 2556 806 2593 etiam
837 2559 922 2603 post

155 2604 433 2647 ascensionem,
467 2604 554 2640 licet
582 2615 648 2650 per
685 2604 791 2640 ilam
829 2614 869 2639 se
899 2614 921 2639 a

161 2649 270 2687 nobis
305 2651 535 2688 subtraxisse
572 2652 755 2695 videatur,
793 2656 921 2688 tamen

159 2699 449 2753 nos-corporali
489 2699 666 2736 deserens
703 2699 918 2746 praesentia.

157 2745 344 2799 spirituali
363 2750 400 2783 et
419 2747 683 2784 sacramentali
703 2757 781 2784 non
810 2747 920 2783 dese-

159 2796 248 2836 rnit,
268 2793 330 2828 sed
351 2793 394 2830 in
413 2793 531 2831 finem
550 2804 668 2841 usque
688 2794 819 2831 saeculi
847 2804 920 2830 no-

160 2839 306 2894 biscum
330 2850 411 2877 esse
442 2841 571 2879 voluit.
595 2843 828 2888 Quapropter
859 2842 922 2877 ‹li-

154 2891 208 2923 cit
228 2897 308 2933 ipse
328 2887 376 2924 de
393 2897 434 2924 se
454 2899 464 2924 :
484 2903 497 2921 ·
523 2889 600 2936 Ego
619 2889 815 2926 vobiscum
836 2899 919 2925 sum

158 2941 276 2981 usque
313 2934 360 2971 ad
394 2937 761 2974 consummationem
793 2946 920 2973 seecu-

156 2981 196 3018 li.
228 2997 240 3015 ι
263 2981 400 3029 Sicque
423 2982 671 3031 irrefragabili
700 2984 920 3021 testimonio

960 2127 1116 2172 ipsi-mci
1140 2126 1244 2161 lestis
1264 2131 1318 2161 est
1347 2125 1460 2170 hujus
1482 2124 1661 2161 veritatis.
1684 2122 1729 2159 Et

961 2175 1010 2210 ita
1049 2173 1229 2209 omnibus
1273 2173 1423 2209 saeculis
1460 2172 1555 2207 dici-
1576 2170 1728 2217 poterit,

961 2226 1111 2268 propter
1145 2222 1215 2258 hoc
1250 2221 1472 2266 mysterium
1492 2218 1730 2255 admirabilis

961 2269 1171 2315 praesentim
1203 2268 1299 2313 ejus,
1321 2269 1419 2314 quod
1444 2269 1482 2303 in
1506 2265 1729 2313 Apocalypsi

962 2316 1117 2352 habetur
1140 2326 1148 2352 ζ
1175 2331 1187 2347 α
1212 2317 1308 2352 Ecce
1341 2315 1629 2351 tabernaculum
1662 2313 1729 2352 uei

958 2375 1047 2401 cum
1070 2363 1304 2407 hominibus,
1319 2368 1351 2399 el
1374 2364 1444 2409 ipsi
1468 2362 1630 2409 populus
1644 2361 1726 2408 ejus

959 2416 1083 2454 erunt,
1105 2417 1140 2448 et
1162 2412 1241 2458 ipse
1264 2412 1360 2447 Deus
1380 2421 1467 2447 cum
1497 2411 1551 2446 «eis
1580 2409 1648 2445 crit
1667 2419 1731 2446 eo-

961 2470 1044 2496 rum
1070 2461 1178 2496 Deus.
1211 2475 1223 2490 ι·
1257 2459 1423 2505 Denique
1455 2468 1539 2494 vere
1572 2457 1728 2494 Emma-

961 2509 1063 2551 nuel,
1086 2518 1171 2544 vcre
1193 2507 1398 2545 Nobiscum
1428 2506 1539 2546 Deus,
1560 2514 1639 2541 non
1663 2514 1729 2542 so-

961 2556 1039 2591 lum
1060 2555 1100 2592 in
1123 2556 1194 2592 hoc
1215 2560 1399 2600 tempore,
1421 2554 1486 2588 sed
1517 2557 1552 2588 et
1579 2553 1619 2588 in
1650 2555 1728 2589 ton

962 2603 1075 2639 futuri
1096 2603 1303 2638 aelernilatc
1327 2612 1335 2636 :
1359 2601 1447 2646 quia
1473 2610 1542 2637 nos
1562 2604 1729 2636 assumet

959 2651 1003 2686 ad
1025 2661 1078 2695 se,
1101 2655 1135 2686 et
1156 2649 1308 2695 gloriari
1330 2648 1536 2694 poterimus
1566 2647 1608 2684 in
1627 2647 1728 2684 divi-

962 2699 1088 2734 nitatis
1115 2699 1195 2744 ejus
1227 2707 1271 2732 ac
1304 2695 1549 2732 humanitatis
1569 2695 1729 2742 limpida

962 2746 1119 2789 visione,
1141 2743 1392 2791 possessione,
1414 2747 1449 2780 et
1470 2743 1662 2780 fruitione.

1008 2793 1061 2829 Ab
1095 2794 1166 2828 hoc
1206 2791 1362 2827 nomine
1397 2789 1653 2834 Emmanuel,
1687 2795 1728 2826 ut

959 2841 1049 2877 alibi
1081 2841 1175 2883 dixi,
1207 2840 1444 2875 decurtatum
1470 2843 1526 2875 est
1554 2842 1728 2877 nostrum

959 2887 1071 2932 Noel,
1096 2888 1133 2923 id
1153 2891 1222 2930 est,
1246 2886 1363 2923 Nobis
1386 2887 1496 2930 Deus,
1518 2886 1576 2922 vel
1598 2889 1727 2922 noster

963 2936 1071 2980 Deus,
1094 2935 1192 2980 quod
1216 2935 1254 2970 in
1278 2932 1430 2978 hyfnnis
1458 2933 1646 2971 Natalitiis
1660 2932 1727 2979 iu-

961 2982 1114 3019 bilando
1134 2982 1362 3028 repetimus;
1383 2981 1436 3018 ita
1461 2987 1499 3017 ut
1521 2981 1612 3018 inde
1631 2979 1724 3017 Gel-
