1858 3184
114 269 242 313 d'une
268 279 481 311 couronno
509 265 695 320 d'epines
724 275 777 305 66
810 262 930 316 guise
961 262 1015 304 de
1044 260 1165 310 tiare,
1199 264 1243 301 et
1273 261 1497 301 au-dessus
1527 259 1558 300 il
1587 262 1690 301 veut

115 335 243 390 qu’on
261 334 380 388 place
399 333 440 374 le
458 343 558 372 nom
576 330 629 371 de
647 341 694 370 56
714 329 849 382 gleire
873 341 883 368 ε
909 342 929 366 «
948 327 1070 369 Jesus
1088 326 1140 367 dc
1160 326 1382 374 Nazareth,
1412 341 1433 362 »
1456 325 1543 365 6116
1574 323 1688 365 (1’66-
1716 330 1721 334 ’

114 399 291 454 complir
310 410 356 440 ce
376 397 450 451 qui
469 395 582 437 avait
601 396 667 434 616
685 393 825 447 predit
844 405 920 446 par
939 390 1248 446 l'Esprit-Saint
1279 391 1330 431 de
1361 390 1421 430 lui
1453 391 1564 430 aussi
1590 389 1693 431 bien

116 477 200 519 que
230 464 287 505 du
318 462 486 504 Pontife
515 459 689 512 antique
711 472 722 499 ε
748 472 768 497 «
789 459 849 499 La
869 457 1173 510 magnificeuce
1197 455 1328 496 661616
1348 469 1419 496 561
1439 455 1478 496 16
1498 455 1692 495 diademe

115 531 168 572 de
185 542 232 571 sa
247 529 347 570 tete.
363 527 484 582 (Say.
499 537 619 575 xvui,
636 524 754 578 24.)1›
778 525 830 564 Et
849 524 972 574 ainsi,
991 536 1036 563 ce
1051 534 1151 563 nom
1166 521 1431 574 magnifique
1450 525 1512 560 est
1532 535 1589 561 un
1611 522 1695 561 me-

114 595 269 637 morial
286 592 448 635 6161661
465 591 516 632 (16
536 603 582 631 sa
595 589 783 635 Pession,
799 600 962 629 comme
983 589 1034 628 (16
1053 587 1095 628 16
1116 587 1250 640 gleire
1265 586 1367 640 qu’il
1387 599 1412 626 6
1431 588 1601 644 acquise
1615 599 1692 639 pat

114 660 158 702 16
182 661 297 701 croix
324 662 367 699 et
396 658 438 698 la
469 655 656 697 Passion.
691 654 1024 702 Effectivement‚
1048 665 1171 706 parce
1203 653 1305 705 qu’il
1336 652 1474 692 s'etait
1498 652 1692 703 humilie,

117 741 137 763 ι
159 725 262 766 Dieu
283 724 339 764 l’a
356 722 474 763 cleve
505 725 547 761 et
565 721 626 760 lui
646 733 671 760 a
690 720 830 760 donne
860 732 918 759 un
952 731 1052 758 nom
1087 718 1159 771 qui
1191 720 1254 757 est
1285 718 1507 757 au-dessus
1526 718 1578 757 de
1600 720 1695 758 tout

114 802 232 837 nom,
253 787 338 829 afin
359 787 485 840 qu'au
507 797 607 826 nom
630 786 680 825 de
699 786 820 825 Jesus
840 787 933 824 tout
955 796 1093 836 genou
1115 783 1304 823 1166111556
1326 783 1430 822 (1665
1448 783 1487 823 16
1508 782 1600 831 ciel,
1623 794 1696 823 sur

115 856 158 896 la
176 858 288 895 terre
307 858 349 894 et
367 853 472 892 dans
492 852 552 892 les
572 851 724 899 enfers,
748 854 790 890 et
808 862 890 902 que
911 854 1027 890 toute
1048 850 1116 890 166
1124 861 1206 900 gne
1227 849 1416 888 confesse
1436 860 1519 901 que
1540 847 1577 888 16
1601 848 1694 889 Sei-

119 931 254 974 gneur
282 917 565 959 Jesus-Christ
583 920 645 956 est
670 916 773 956 daus
794 915 835 954 la
857 914 989 967 gleire
1022 914 1073 954 de
1105 914 1210 954 Dieu
1242 926 1317 953 506
1352 916 1470 954 Ρ616.
1493 912 1626 966 (Phil.
1647 924 1694 964 ιι,

117 986 143 1026 9
161 987 204 1026 61
222 983 308 1037 11.)
328 984 436 1023 c‘est
455 981 663 1035 pourquoi
681 992 727 1021 66
747 992 849 1020 nom
868 980 933 1019 fut
950 979 1055 1019 ecrit
1069 991 1141 1019 sur
1160 979 1201 1019 la
1220 979 1336 1019 croix
1368 991 1419 1018 66
1447 978 1622 1028 helffen,
1640 990 1694 1019 en

120 1061 219 1102 grec
238 1053 280 1089 et
298 1061 350 1088 66
372 1048 488 1097 16116,
514 1047 615 1087 11015
635 1047 812 1098 langues
831 1045 930 1084 d’ou
952 1049 1087 1084 tontes
1108 1045 1165 1084 les
1186 1048 1327 1084 autres
1349 1045 1478 1084 111661
1497 1044 1588 1084 leur
1608 1045 1694 1084 ori-

120 1114 221 1167 gine
241 1118 283 1154 et
318 1117 458 1153 tontes
476 1124 519 1152 56
540 1115 783 1164 1666011661
803 1113 825 1150 a
845 1110 958 1150 l'une
992 1110 1148 1150 d’elles.
1183 1110 1318 1158 Ainsi‚
1353 1111 1496 1163 quand
1531 1111 1567 1150 le
1601 1112 1698 1150 Pro-

118 1179 245 1232 611616
264 1178 325 1219 (111
348 1191 356 1217 :
383 1192 402 1216 «
424 1177 648 1229 seigneur,
671 1179 788 1216 votre
819 1187 918 1215 nom
946 1179 988 1215 et
1019 1183 1136 1215 votre
1169 1176 1367 1215 souveuir
1392 1179 1485 1215 sont
1517 1175 1555 1215 le
1587 1175 1698 1215 (16511

120 1244 171 1284 de
192 1256 291 1284 mon
314 1246 424 1291 ame,
451 1258 470 1279 ι»
492 1242 521 1282 11
539 1241 696 1282 semble
718 1240 880 1280 vouloir
901 1241 991 1280 dire
1028 1252 1036 1279 :
1073 1241 1298 1292 Seigneur,
1328 1241 1371 1292 je
1403 1240 1596 1281 souhaite
1629 1252 1698 1280 ar-

121 1309 341 1350 demment
361 1320 442 1360 que
462 1311 580 1347 votre
600 1319 699 1346 nom
720 1306 799 1346 5011
821 1308 948 1357 grave
970 1306 1075 1346 (1665
1101 1319 1199 1346 mon
1227 1308 1321 1346 ame
1353 1310 1395 1346 et
1426 1306 1529 1346 dans
1562 1308 1700 1346 106165

121 1374 181 1415 165
201 1376 316 1414 ames
336 1374 514 1426 6166565,
537 1384 699 1412 comme
718 1384 777 1411 un
798 1372 1017 1413 memorial
1038 1374 1152 1411 sacre
1172 1372 1222 1411 de
1245 1376 1362 1411 votre
1375 1373 1642 1411 16661661106
1657 1375 1702 1412 et

123 1439 174 1480 (16
195 1442 312 1479 votre
333 1438 566 1488 naissance,
589 1449 751 1477 comme
785 1450 842 1476 un
870 1436 1089 1476 memorial
1122 1437 1172 1476 (16
1206 1441 1321 1477 votrc
1341 1437 1625 1478 Circoncision
1658 1439 1701 1476 et

122 1503 180 1544 du
199 1516 307 1555 sang
326 1516 408 1556 que
428 1516 531 1543 vous
550 1515 650 1542 avez
670 1502 862 1554 repandu
883 1514 989 1554 pour
1008 1514 1126 1549 6065,
1149 1514 1311 1541 comme
1332 1515 1387 1541 uu
1407 1502 1629 1542 memorial
1648 1503 1701 1542 (16

122 1574 240 1609 votre
259 1569 324 1608 vie
341 1568 575 1608 admirable
595 1567 700 1607 (1665
719 1579 782 1607 565
801 1567 1014 1619 prodiges,
1027 1579 1190 1606 comme
1206 1580 1264 1606 un
1280 1567 1499 1607 memorial
1514 1567 1565 1606 (16
1579 1570 1702 1608 votre

122 1633 238 1674 croix
258 1635 300 1674 et
318 1633 371 1673 de
390 1635 508 1673 votre
541 1635 667 1683 mort,
699 1644 863 1671 comme
884 1643 938 1671 66
959 1632 1179 1672 memorial
1198 1633 1250 1673 de
1268 1635 1387 1674 voire
1410 1632 1544 1684 gleire
1576 1636 1618 1672 61
1648 1632 1701 1672 (16

554 178 660 219 mm
688 186 741 216 66
770 184 891 215 sum·
918 182 1004 215 11011
1032 182 1084 212 m:
1112 173 1246 214 16565.

68 1738 75 1742 .
122 1702 242 1740 votre
261 1698 511 1739 exaltation.

177 1766 220 1805 4⁰
240 1764 304 1803 En
325 1763 562 1815 quatrieme
582 1765 624 1802 et
644 1762 814 1802 dernier
835 1762 933 1812 lieu,
958 1762 1098 1802 (115065
1117 1775 1198 1815 que
1219 1762 1257 1802 le
1277 1775 1378 1802 nom
1409 1763 1460 1802 de
1491 1763 1610 1803 ,16565
1638 1765 1705 1803 est

127 1840 187 1868 un
206 1827 429 1868 memorial
449 1828 522 1880 qui
542 1827 676 1867 excite
698 1839 751 1867 en
773 1839 881 1866 nous
902 1827 943 1866 16
962 1827 1036 1876 foi,
1057 1827 1309 1879 l'esperance
1331 1831 1372 1866 61
1390 1827 1432 1866 16
1450 1827 1610 1868 charite
1633 1842 1642 1869 :

130 1998 234 2036 sicali
248 2003 364 2043 veste,
381 1997 653 2042 indutus,dum
671 1997 900 2034 sacrificium

131 2045 241 2084 offert
269 2046 311 2082 in
332 2056 458 2089 cruce,
482 2055 623 2082 corona
643 2046 775 2092 561666
796 2045 902 2091 quasi

132 2093 226 2131 tiara
245 2098 359 2140 caput
381 2094 483 2139 tegit,
508 2098 544 2128 61
573 2103 686 2139 56616
705 2092 811 2129 illam
840 2104 901 2139 66-

131 2141 222 2188 poni
245 2141 364 2177 voluit
385 2150 526 2176 601666
548 2140 678 2186 gloriae
699 2150 776 2176 suae
795 2141 902 2176 Jesus

133 2190 364 2229 Nazarenus,
391 2193 430 2224 ut
451 2187 672 2234 impleretur
705 2188 799 2223 illud
838 2198 903 2234 por

134 2236 316 2283 Spiritum
356 2236 551 2277 Sanctum,
574 2246 653 2272 non
694 2235 816 2271 solum
857 2236 903 2271 (16

134 2284 316 2331 pontifice
347 2283 518 2330 antiquo,
548 2283 614 2319 sed
654 2287 691 2318 et
728 2283 774 2318 (16
821 2283 903 2328 1650

163 2331 384 2368 raedictum:
414 2345 427 2362 α
455 2330 738 2377 Magnificentia
760 2331 798 2366 in
820 2331 902 2366 dia-

134 2342 285 2415 {emate
307 2378 441 2424 capitis
462 2378 555 2424 ejus.
582 2394 595 2412 υ
622 2380 666 2413 Et
686 2378 740 2413 sic
762 2388 903 2414 nomen

137 2425 234 2462 illud
279 2425 526 2471 magnificum
577 2425 798 2461 memoriale
850 2430 905 2460 est

139 2476 337 2518 aeternum,
361 2483 440 2510 non
461 2472 583 2509 solum
614 2473 816 2516 Passionis,
841 2473 904 2509 sed

139 2524 181 2556 61
200 2519 329 2566 gloriae
349 2519 430 2566 ejus
451 2530 563 2567 quam
585 2531 651 2567 per
684 2531 837 2556 6166616
870 2524 906 2556 61

140 2566 364 2603 Passionem
386 2568 596 2613 acquisivit.
632 2568 784 2604 Etenim
817 2568 906 2615 quia

139 2613 356 2651 humiliavit
399 2623 444 2650 56
482 2625 599 2662 usque
643 2616 689 2652 ad
730 2620 903 2659 mortem,

144 2675 159 2694 a
183 2661 282 2698 Deus
303 2660 481 2697 exaltavit
498 2662 621 2708 illum,
646 2667 681 2699 61
715 2663 817 2699 dedit
850 2662 907 2699 illi

141 2719 284 2746 nomen
325 2709 423 2754 quod
457 2713 514 2744 est
545 2719 657 2756 super
689 2721 804 2747 omne
835 2721 907 2746 no-

139 2765 244 2801 men,
268 2759 310 2792 ut
328 2756 369 2792 in
390 2756 548 2792 nomine
567 2757 654 2794 Jesu
674 2769 788 2794 omne
808 2768 907 2804 genu

142 2803 572 2849 flectatur‚coelestium,
609 2806 840 2842 terrestrium
874 2811 909 2842 et

142 2850 395 2895 infernorum,
419 2854 456 2887 et
475 2851 601 2887 omnis
622 2851 752 2900 lingua
785 2854 908 2890 60611-

146 2902 281 2942 166161,
304 2898 393 2944 quia
408 2898 593 2935 Dominus
612 2898 719 2937 Iesus
739 2900 911 2937 Christus

146 2945 189 2981 in
210 2945 330 2992 gloria
359 2949 416 2981 est
435 2945 503 2982 Dei
537 2945 668 2983 Patris.
695 2962 709 2980 r»
748 2948 838 2985 Ideo
870 2949 911 2985 in

145 3002 260 3031 61666
289 3002 432 3030 nomen
465 2992 567 3030 istud
600 2994 782 3042 scriptum
815 2996 909 3044 legi·

329 3085 346 3117 1

943 2003 1013 2041 tur,
1047 1997 1242 2043 Hebraice,
1266 1999 1394 2035 Graece
1427 2005 1463 2036 et
1495 2001 1642 2046 Latine,
1684 2013 1708 2039 a

941 2045 1079 2092 quibus
1122 2046 1239 2082 tribus
1272 2047 1413 2093 linguis
1451 2058 1586 2085 omnes
1621 2049 1708 2087 atiae

941 2093 1128 2138 originem
1149 2094 1306 2136 ducunt,
1331 2100 1366 2131 61
1387 2095 1434 2130 ad
1463 2096 1630 2142 aliquam
1663 2097 1709 2133 il-

944 2142 1065 2177 larum
1084 2152 1218 2178 omnes
1241 2148 1466 2179 reteruutur.

993 2189 1119 2234 Itaque
1140 2189 1230 2225 dum
1251 2190 1342 2226 (11611
1365 2190 1572 2236 Propheta:
1593 2206 1607 2223 ι
1632 2192 1710 2228 Do—

943 2237 1065 2279 mine,
1090 2247 1230 2273 1101666
1267 2243 1371 2274 tuum
1411 2243 1447 2274 61
1488 2240 1711 2276 memoriale

945 2289 1051 2319 tuum
1073 2285 1111 2320 in
1131 2285 1317 2321 desiderio
1338 2286 1489 2330 animae,
1517 2302 1530 2319 »
1564 2287 1711 2325 videtur

943 2331 1039 2367 vcllc
1083 2332 1209 2368 (116616
1232 2343 1240 2368 ;
1261 2333 1432 2377 Domine,
1468 2344 1709 2381 summopere

943 2383 1080 2425 exopto
1102 2384 1142 2415 ut
1162 2391 1305 2416 nomen
1328 2386 1434 2417 tuum
1455 2382 1594 2418 animae
1615 2393 1711 2420 meae

943 2426 1196 2473 omnibusque
1211 2428 1282 2474 piis
1304 2429 1442 2464 animis
1458 2429 1707 2476 insculpatur,

946 2479 1136 2520 tamquam
1158 2475 1375 2512 Memoriale
1403 2487 1552 2512 56616111
1587 2478 1711 2514 16661·-

946 2522 1111 2558 nationis
1132 2527 1204 2559 tuae
1218 2528 1255 2559 et
1274 2523 1498 2569 Nativitatis,
1517 2530 1710 2571 tamquam

946 2569 1164 2606 Memoriale
1178 2571 1486 2607 circumcisionis
1506 2578 1543 2608 61
1561 2583 1629 2620 610
1645 2583 1712 2610 60-

946 2616 1003 2652 bis
1024 2617 1097 2653 fusi
1118 2617 1333 2662 Sanguinis,
1359 2623 1550 2664 tamquam
1571 2620 1713 2658 Memo-

948 2664 1038 2700 riale
1067 2665 1152 2701 vitae
1172 2665 1407 2702 admirabilis
1442 2667 1482 2703 in
1514 2668 1709 2715 prodigiis,

949 2717 1139 2758 tamquam
1161 2713 1379 2749 Memoriale
1406 2715 1535 2751 Crucis
1569 2721 1642 2752 tuae
1674 2721 1713 2753 et

947 2759 1090 2805 Mortis,
1115 2764 1305 2806 tamquam
1334 2761 1552 2799 Memoriale
1583 2764 1714 2810 gloriae

949 2812 1022 2843 tuae
1042 2811 1079 2843 61
1098 2807 1351 2844 exaltationis,

997 2855 1136 2897 Quarto
1157 2860 1194 2891 et
1215 2860 1417 2901 postremo,
1434 2856 1606 2894 dicamus
1636 2868 1712 2894 no-

949 2912 1039 2938 6166
1058 2902 1147 2939 Jesu
1172 2913 1253 2939 esse
1284 2903 1505 2940 Memoriale
1537 2905 1713 2942 excitati-

949 2959 1038 2986 vum
1059 2949 1099 2985 in
1120 2949 1232 2986 nobis
1252 2949 1352 2997 fidei,
1377 2951 1458 2998 spei
1485 2956 1522 2988 et
1553 2952 1714 2996 charita-

953 2997 1011 3034 tis.
1035 2996 1071 3034 -Ι,
1096 2997 1212 3046 Fidei,
1236 2998 1324 3046 quia
1351 2999 1441 3036 dum
1474 2999 1571 3039 illud.
1599 3001 1714 3039 audi·-

1471 3087 1523 3127 39
