<?xml version="1.0" encoding="UTF-8"?>
<!DOCTYPE html PUBLIC "-//W3C//DTD XHTML 1.0 Transitional//EN"
    "http://www.w3.org/TR/xhtml1/DTD/xhtml1-transitional.dtd">
<html xmlns="http://www.w3.org/1999/xhtml" xml:lang="en" lang="en">
 <head>
  <title>
</title>
<meta http-equiv="Content-Type" content="text/html;charset=utf-8" />
  <meta name='ocr-system' content='tesseract 3.04.00' />
  <meta name='ocr-capabilities' content='ocr_page ocr_carea ocr_par ocr_line ocrx_word'/>
</head>
<body>
  <div class='ocr_page' id='page_1' title='image "./lerationaldespr01marc_0383.png"; bbox 0 0 1858 3184; ppageno 0'>
   <div class='ocr_carea' id='block_1_1' title="bbox 509 150 1671 201">
    <p class='ocr_par' dir='ltr' id='par_1_1' title="bbox 509 150 1671 201">
     <span class='ocr_line' id='line_1_1' title="bbox 509 150 1671 201; baseline -0.003 0"><span class='ocrx_word' id='word_1_1' title='bbox 509 150 721 201; x_wconf 72' lang='lat' dir='ltr'><strong>‘rnolsiims</strong></span> <span class='ocrx_word' id='word_1_2' title='bbox 750 168 964 199; x_wconf 70' lang='lat' dir='ltr'><strong>mmucns</strong></span> <span class='ocrx_word' id='word_1_3' title='bbox 993 168 1045 198; x_wconf 75' lang='lat' dir='ltr'><strong>ns</strong></span> <span class='ocrx_word' id='word_1_4' title='bbox 1074 157 1264 198; x_wconf 69' lang='lat' dir='ltr'><strong>L&#39;Avsn&#39;r.</strong></span> <span class='ocrx_word' id='word_1_5' title='bbox 1588 156 1671 198; x_wconf 76' lang='grc'><strong>373</strong></span> 
     </span>
    </p>
   </div>
   <div class='ocr_carea' id='block_1_2' title="bbox 102 242 1668 499">
    <p class='ocr_par' dir='ltr' id='par_1_2' title="bbox 102 242 1668 499">
     <span class='ocr_line' id='line_1_2' title="bbox 102 242 1665 300; baseline -0.004 -9"><span class='ocrx_word' id='word_1_6' title='bbox 102 249 291 293; x_wconf 75' lang='lat' dir='ltr'><strong>montes!</strong></span> <span class='ocrx_word' id='word_1_7' title='bbox 311 245 401 290; x_wconf 78' lang='lat' dir='ltr'><strong>»Le</strong></span> <span class='ocrx_word' id='word_1_8' title='bbox 411 242 522 291; x_wconf 78' lang='lat' dir='ltr'><strong>saint</strong></span> <span class='ocrx_word' id='word_1_9' title='bbox 538 244 682 288; x_wconf 72' lang='lat' dir='ltr'><strong>insiste</strong></span> <span class='ocrx_word' id='word_1_10' title='bbox 701 259 808 300; x_wconf 86' lang='lat' dir='ltr'><strong>pour</strong></span> <span class='ocrx_word' id='word_1_11' title='bbox 826 247 963 287; x_wconf 83' lang='lat' dir='ltr'><strong>savoir</strong></span> <span class='ocrx_word' id='word_1_12' title='bbox 981 245 1122 300; x_wconf 83' lang='lat' dir='ltr'><strong>quelle</strong></span> <span class='ocrx_word' id='word_1_13' title='bbox 1135 245 1238 286; x_wconf 76' lang='lat' dir='ltr'><strong>etait</strong></span> <span class='ocrx_word' id='word_1_14' title='bbox 1251 247 1358 286; x_wconf 85' lang='lat' dir='ltr'><strong>cette</strong></span> <span class='ocrx_word' id='word_1_15' title='bbox 1371 244 1510 286; x_wconf 84' lang='lat' dir='ltr'><strong>chose.</strong></span> <span class='ocrx_word' id='word_1_16' title='bbox 1524 245 1665 297; x_wconf 83' lang='lat' dir='ltr'><strong>Enfln,</strong></span> 
     </span>
     <span class='ocr_line' id='line_1_3' title="bbox 102 309 1668 369; baseline -0.003 -14"><span class='ocrx_word' id='word_1_17' title='bbox 102 315 255 357; x_wconf 83' lang='lat' dir='ltr'><strong>vaincu</strong></span> <span class='ocrx_word' id='word_1_18' title='bbox 273 314 410 369; x_wconf 69' lang='lat' dir='ltr'><strong>par‘la</strong></span> <span class='ocrx_word' id='word_1_19' title='bbox 428 314 540 356; x_wconf 79' lang='lat' dir='ltr'><strong>force</strong></span> <span class='ocrx_word' id='word_1_20' title='bbox 559 312 654 352; x_wconf 86' lang='lat' dir='ltr'><strong>d&#39;en</strong></span> <span class='ocrx_word' id='word_1_21' title='bbox 679 312 800 364; x_wconf 78' lang='lat' dir='ltr'><strong>haut,</strong></span> <span class='ocrx_word' id='word_1_22' title='bbox 826 312 864 352; x_wconf 89' lang='lat' dir='ltr'><strong>le</strong></span> <span class='ocrx_word' id='word_1_23' title='bbox 884 312 1036 352; x_wconf 77' lang='lat' dir='ltr'><strong>demon</strong></span> <span class='ocrx_word' id='word_1_24' title='bbox 1058 312 1123 352; x_wconf 85' lang='lat' dir='ltr'><strong>fut</strong></span> <span class='ocrx_word' id='word_1_25' title='bbox 1153 310 1365 353; x_wconf 86' lang='lat' dir='ltr'><strong>contraint</strong></span> <span class='ocrx_word' id='word_1_26' title='bbox 1390 309 1441 351; x_wconf 89' lang='lat' dir='ltr'><strong>de</strong></span> <span class='ocrx_word' id='word_1_27' title='bbox 1461 310 1668 363; x_wconf 73' lang='lat' dir='ltr'><strong>repondre</strong></span> 
     </span>
     <span class='ocr_line' id='line_1_4' title="bbox 103 374 1668 431; baseline -0.004 -9"><span class='ocrx_word' id='word_1_28' title='bbox 103 381 149 422; x_wconf 84' lang='lat' dir='ltr'><strong>et</strong></span> <span class='ocrx_word' id='word_1_29' title='bbox 163 379 194 421; x_wconf 86' lang='lat' dir='ltr'><strong>il</strong></span> <span class='ocrx_word' id='word_1_30' title='bbox 212 379 273 420; x_wconf 85' lang='lat' dir='ltr'><strong>dit</strong></span> <span class='ocrx_word' id='word_1_31' title='bbox 295 391 314 420; x_wconf 45' lang='lat'><strong>:⁴</strong></span> <span class='ocrx_word' id='word_1_32' title='bbox 330 395 350 418; x_wconf 92' lang='lat'>«</span> <span class='ocrx_word' id='word_1_33' title='bbox 370 378 477 421; x_wconf 87' lang='lat' dir='ltr'><strong>G’est</strong></span> <span class='ocrx_word' id='word_1_34' title='bbox 494 381 539 419; x_wconf 78' lang='lat' dir='ltr'><strong>ta</strong></span> <span class='ocrx_word' id='word_1_35' title='bbox 557 377 758 431; x_wconf 83' lang='lat' dir='ltr'><strong>profonde</strong></span> <span class='ocrx_word' id='word_1_36' title='bbox 779 377 990 426; x_wconf 78' lang='lat' dir='ltr'><strong>humilite,</strong></span> <span class='ocrx_word' id='word_1_37' title='bbox 1013 376 1115 430; x_wconf 83' lang='lat' dir='ltr'><strong>qu’il</strong></span> <span class='ocrx_word' id='word_1_38' title='bbox 1135 376 1256 417; x_wconf 82' lang='lat' dir='ltr'><strong>m’est</strong></span> <span class='ocrx_word' id='word_1_39' title='bbox 1274 374 1514 430; x_wconf 83' lang='lat' dir='ltr'><strong>impossible</strong></span> <span class='ocrx_word' id='word_1_40' title='bbox 1533 375 1668 416; x_wconf 82' lang='lat' dir='ltr'><strong>d’imi-</strong></span> 
     </span>
     <span class='ocr_line' id='line_1_5' title="bbox 102 440 1330 499; baseline -0.004 -13"><span class='ocrx_word' id='word_1_41' title='bbox 102 447 182 486; x_wconf 81' lang='lat' dir='ltr'><strong>ter.</strong></span> <span class='ocrx_word' id='word_1_42' title='bbox 203 460 224 482; x_wconf 73' lang='lat' dir='ltr'>n</span> <span class='ocrx_word' id='word_1_43' title='bbox 245 444 361 486; x_wconf 84' lang='lat' dir='ltr'><strong>Ainsi</strong></span> <span class='ocrx_word' id='word_1_44' title='bbox 380 440 497 499; x_wconf 79' lang='lat' dir='ltr'><strong>parla</strong></span> <span class='ocrx_word' id='word_1_45' title='bbox 519 443 664 492; x_wconf 80' lang='lat' dir='ltr'><strong>Satan,</strong></span> <span class='ocrx_word' id='word_1_46' title='bbox 685 442 778 496; x_wconf 84' lang='lat' dir='ltr'><strong>puis</strong></span> <span class='ocrx_word' id='word_1_47' title='bbox 799 442 828 483; x_wconf 90' lang='lat' dir='ltr'><strong>il</strong></span> <span class='ocrx_word' id='word_1_48' title='bbox 848 442 1037 495; x_wconf 84' lang='lat' dir='ltr'><strong>disparut</strong></span> <span class='ocrx_word' id='word_1_49' title='bbox 1057 444 1148 482; x_wconf 87' lang='lat' dir='ltr'><strong>tout</strong></span> <span class='ocrx_word' id='word_1_50' title='bbox 1169 441 1330 482; x_wconf 75' lang='lat' dir='ltr'><strong>eonqu.</strong></span> 
     </span>
    </p>
   </div>
   <div class='ocr_carea' id='block_1_3' title="bbox 649 660 1112 711">
    <p class='ocr_par' dir='ltr' id='par_1_3' title="bbox 649 660 1112 711">
     <span class='ocr_line' id='line_1_6' title="bbox 649 660 1112 711; baseline 0 0"><span class='ocrx_word' id='word_1_51' title='bbox 649 660 802 711; x_wconf 81' lang='grc' dir='ltr'><strong>ΜΕΜΕ</strong></span> <span class='ocrx_word' id='word_1_52' title='bbox 835 668 1112 711; x_wconf 79' lang='lat' dir='ltr'><strong>DlMANCHE</strong></span> 
     </span>
    </p>
   </div>
   <div class='ocr_carea' id='block_1_4' title="bbox 157 784 1606 918">
    <p class='ocr_par' dir='ltr' id='par_1_4' title="bbox 157 784 1606 918">
     <span class='ocr_line' id='line_1_7' title="bbox 157 784 1606 847; baseline -0.001 -16"><span class='ocrx_word' id='word_1_53' title='bbox 157 785 422 832; x_wconf 75' lang='lat' dir='ltr'><strong>Instruction</strong></span> <span class='ocrx_word' id='word_1_54' title='bbox 440 801 518 830; x_wconf 85' lang='lat' dir='ltr'><strong>sur</strong></span> <span class='ocrx_word' id='word_1_55' title='bbox 546 785 594 830; x_wconf 88' lang='lat' dir='ltr'><strong>la</strong></span> <span class='ocrx_word' id='word_1_56' title='bbox 625 785 861 847; x_wconf 64' lang='lat' dir='ltr'><strong>difference</strong></span> <span class='ocrx_word' id='word_1_57' title='bbox 880 795 1000 831; x_wconf 81' lang='lat' dir='ltr'><em>entre</em></span> <span class='ocrx_word' id='word_1_58' title='bbox 1020 786 1059 831; x_wconf 83' lang='lat' dir='ltr'><strong>le</strong></span> <span class='ocrx_word' id='word_1_59' title='bbox 1080 784 1281 846; x_wconf 62' lang='lat' dir='ltr'><strong>bapteme</strong></span> <span class='ocrx_word' id='word_1_60' title='bbox 1300 784 1354 830; x_wconf 87' lang='lat' dir='ltr'><strong>de</strong></span> <span class='ocrx_word' id='word_1_61' title='bbox 1370 787 1481 831; x_wconf 81' lang='lat' dir='ltr'><strong>Jean</strong></span> <span class='ocrx_word' id='word_1_62' title='bbox 1501 793 1543 830; x_wconf 84' lang='lat' dir='ltr'><strong>et</strong></span> <span class='ocrx_word' id='word_1_63' title='bbox 1567 784 1606 830; x_wconf 86' lang='lat' dir='ltr'><strong>le</strong></span> 
     </span>
     <span class='ocr_line' id='line_1_8' title="bbox 578 857 1176 918; baseline 0 -16"><span class='ocrx_word' id='word_1_64' title='bbox 578 857 779 918; x_wconf 61' lang='lat' dir='ltr'><strong>bapldme</strong></span> <span class='ocrx_word' id='word_1_65' title='bbox 797 858 850 903; x_wconf 85' lang='lat' dir='ltr'><strong>de</strong></span> <span class='ocrx_word' id='word_1_66' title='bbox 869 857 1176 904; x_wconf 57' lang='lat' dir='ltr'><strong>lesus-Christ.</strong></span> 
     </span>
    </p>
   </div>
   <div class='ocr_carea' id='block_1_5' title="bbox 87 975 1666 1943">
    <p class='ocr_par' dir='ltr' id='par_1_5' title="bbox 93 975 1666 1354">
     <span class='ocr_line' id='line_1_9' title="bbox 147 975 1664 1031; baseline -0.001 -12"><span class='ocrx_word' id='word_1_67' title='bbox 147 977 206 1019; x_wconf 82' lang='lat' dir='ltr'><strong>La</strong></span> <span class='ocrx_word' id='word_1_68' title='bbox 225 975 412 1018; x_wconf 81' lang='lat' dir='ltr'><strong>doctrine</strong></span> <span class='ocrx_word' id='word_1_69' title='bbox 432 976 487 1018; x_wconf 87' lang='lat' dir='ltr'><strong>du</strong></span> <span class='ocrx_word' id='word_1_70' title='bbox 508 978 724 1031; x_wconf 77' lang='lat' dir='ltr'><strong>Bapteme‚</strong></span> <span class='ocrx_word' id='word_1_71' title='bbox 755 978 795 1018; x_wconf 81' lang='lat' dir='ltr'><strong>la</strong></span> <span class='ocrx_word' id='word_1_72' title='bbox 827 978 921 1030; x_wconf 88' lang='lat' dir='ltr'><strong>plus</strong></span> <span class='ocrx_word' id='word_1_73' title='bbox 944 977 1173 1018; x_wconf 79' lang='lat' dir='ltr'><strong>necessaire</strong></span> <span class='ocrx_word' id='word_1_74' title='bbox 1204 977 1255 1018; x_wconf 73' lang='lat' dir='ltr'><strong>«le</strong></span> <span class='ocrx_word' id='word_1_75' title='bbox 1288 980 1439 1026; x_wconf 87' lang='lat' dir='ltr'><strong>tontes,</strong></span> <span class='ocrx_word' id='word_1_76' title='bbox 1462 976 1550 1017; x_wconf 87' lang='lat' dir='ltr'><strong>doit</strong></span> <span class='ocrx_word' id='word_1_77' title='bbox 1569 988 1664 1017; x_wconf 84' lang='lat' dir='ltr'><strong>sou-</strong></span> 
     </span>
     <span class='ocr_line' id='line_1_10' title="bbox 93 1031 1666 1096; baseline 0 -13"><span class='ocrx_word' id='word_1_78' title='bbox 93 1044 195 1096; x_wconf 61' lang='lat' dir='ltr'><strong>yent</strong></span> <span class='ocrx_word' id='word_1_79' title='bbox 213 1041 318 1082; x_wconf 78' lang='lat' dir='ltr'><strong>faire</strong></span> <span class='ocrx_word' id='word_1_80' title='bbox 349 1043 388 1082; x_wconf 85' lang='lat' dir='ltr'><strong>le</strong></span> <span class='ocrx_word' id='word_1_81' title='bbox 407 1031 517 1095; x_wconf 79' lang='lat' dir='ltr'><strong>sujet</strong></span> <span class='ocrx_word' id='word_1_82' title='bbox 536 1042 608 1083; x_wconf 90' lang='lat' dir='ltr'><strong>des</strong></span> <span class='ocrx_word' id='word_1_83' title='bbox 637 1043 821 1084; x_wconf 79' lang='lat' dir='ltr'><strong>discours</strong></span> <span class='ocrx_word' id='word_1_84' title='bbox 850 1056 930 1096; x_wconf 83' lang='lat' dir='ltr'><strong>quc</strong></span> <span class='ocrx_word' id='word_1_85' title='bbox 950 1043 1009 1083; x_wconf 87' lang='lat' dir='ltr'><strong>les</strong></span> <span class='ocrx_word' id='word_1_86' title='bbox 1035 1046 1225 1096; x_wconf 80' lang='lat' dir='ltr'><strong>pasteurs</strong></span> <span class='ocrx_word' id='word_1_87' title='bbox 1257 1043 1469 1083; x_wconf 79' lang='lat' dir='ltr'><strong>adressent</strong></span> <span class='ocrx_word' id='word_1_88' title='bbox 1487 1054 1541 1083; x_wconf 79' lang='lat' dir='ltr'><strong>au</strong></span> <span class='ocrx_word' id='word_1_89' title='bbox 1560 1054 1666 1096; x_wconf 81' lang='lat' dir='ltr'><strong>peu-</strong></span> 
     </span>
     <span class='ocr_line' id='line_1_11' title="bbox 93 1104 1665 1162; baseline 0.002 -16"><span class='ocrx_word' id='word_1_90' title='bbox 93 1104 179 1160; x_wconf 85' lang='lat' dir='ltr'><strong>ple.</strong></span> <span class='ocrx_word' id='word_1_91' title='bbox 202 1106 256 1147; x_wconf 87' lang='lat' dir='ltr'><strong>Ils</strong></span> <span class='ocrx_word' id='word_1_92' title='bbox 276 1106 469 1150; x_wconf 82' lang='lat' dir='ltr'><strong>saisirout</strong></span> <span class='ocrx_word' id='word_1_93' title='bbox 489 1108 598 1148; x_wconf 85' lang='lat' dir='ltr'><strong>donc</strong></span> <span class='ocrx_word' id='word_1_94' title='bbox 618 1108 853 1159; x_wconf 82' lang='lat' dir='ltr'><strong>l’occasion‚</strong></span> <span class='ocrx_word' id='word_1_95' title='bbox 876 1109 947 1149; x_wconf 90' lang='lat' dir='ltr'><strong>des</strong></span> <span class='ocrx_word' id='word_1_96' title='bbox 974 1109 1138 1162; x_wconf 82' lang='lat' dir='ltr'><strong>paroles</strong></span> <span class='ocrx_word' id='word_1_97' title='bbox 1168 1108 1217 1148; x_wconf 88' lang='lat' dir='ltr'><strong>de</strong></span> <span class='ocrx_word' id='word_1_98' title='bbox 1246 1109 1350 1150; x_wconf 82' lang='lat' dir='ltr'><strong>Jean</strong></span> <span class='ocrx_word' id='word_1_99' title='bbox 1379 1107 1605 1160; x_wconf 79' lang='lat' dir='ltr'><strong>indiquant</strong></span> <span class='ocrx_word' id='word_1_100' title='bbox 1624 1107 1665 1149; x_wconf 73' lang='lat' dir='ltr'><strong>la</strong></span> 
     </span>
     <span class='ocr_line' id='line_1_12' title="bbox 94 1169 1665 1227; baseline -0.001 -12"><span class='ocrx_word' id='word_1_101' title='bbox 94 1169 321 1215; x_wconf 77' lang='lat' dir='ltr'><strong>difference</strong></span> <span class='ocrx_word' id='word_1_102' title='bbox 342 1172 446 1227; x_wconf 89' lang='lat' dir='ltr'><strong>qu&#39;il</strong></span> <span class='ocrx_word' id='word_1_103' title='bbox 465 1187 493 1226; x_wconf 87' lang='lat' dir='ltr'><strong>y</strong></span> <span class='ocrx_word' id='word_1_104' title='bbox 513 1174 626 1215; x_wconf 82' lang='lat' dir='ltr'><strong>avait</strong></span> <span class='ocrx_word' id='word_1_105' title='bbox 645 1178 763 1214; x_wconf 84' lang='lat' dir='ltr'><strong>entre</strong></span> <span class='ocrx_word' id='word_1_106' title='bbox 783 1174 1058 1215; x_wconf 77' lang='lat' dir='ltr'><strong>Jesus-Christ</strong></span> <span class='ocrx_word' id='word_1_107' title='bbox 1077 1179 1119 1214; x_wconf 91' lang='lat' dir='ltr'><strong>et</strong></span> <span class='ocrx_word' id='word_1_108' title='bbox 1138 1174 1214 1223; x_wconf 90' lang='lat' dir='ltr'><strong>lui,</strong></span> <span class='ocrx_word' id='word_1_109' title='bbox 1238 1178 1357 1214; x_wconf 82' lang='lat' dir='ltr'><strong>entre</strong></span> <span class='ocrx_word' id='word_1_110' title='bbox 1377 1185 1450 1213; x_wconf 91' lang='lat' dir='ltr'><strong>son</strong></span> <span class='ocrx_word' id='word_1_111' title='bbox 1469 1173 1665 1227; x_wconf 76' lang='lat' dir='ltr'><strong>baptemo</strong></span> 
     </span>
     <span class='ocr_line' id='line_1_13' title="bbox 94 1236 1665 1292; baseline -0.001 -14"><span class='ocrx_word' id='word_1_112' title='bbox 94 1237 138 1278; x_wconf 79' lang='lat' dir='ltr'><strong>ot</strong></span> <span class='ocrx_word' id='word_1_113' title='bbox 156 1236 263 1279; x_wconf 88' lang='lat' dir='ltr'><strong>celui</strong></span> <span class='ocrx_word' id='word_1_114' title='bbox 282 1237 339 1278; x_wconf 82' lang='lat' dir='ltr'><strong>du</strong></span> <span class='ocrx_word' id='word_1_115' title='bbox 359 1237 498 1281; x_wconf 83' lang='lat' dir='ltr'><strong>Christ</strong></span> <span class='ocrx_word' id='word_1_116' title='bbox 520 1250 529 1278; x_wconf 73' lang='grc' dir='ltr'><em>ι</em></span> <span class='ocrx_word' id='word_1_117' title='bbox 554 1255 573 1276; x_wconf 73' lang='grc' dir='ltr'>α</span> <span class='ocrx_word' id='word_1_118' title='bbox 596 1240 644 1280; x_wconf 86' lang='lat' dir='ltr'><strong>Je</strong></span> <span class='ocrx_word' id='word_1_119' title='bbox 671 1238 831 1292; x_wconf 81' lang='lat' dir='ltr'><strong>baptise</strong></span> <span class='ocrx_word' id='word_1_120' title='bbox 864 1239 968 1279; x_wconf 83' lang='lat' dir='ltr'><strong>dans</strong></span> <span class='ocrx_word' id='word_1_121' title='bbox 988 1239 1112 1288; x_wconf 83' lang='lat' dir='ltr'><strong>l&#39;eau,</strong></span> <span class='ocrx_word' id='word_1_122' title='bbox 1135 1239 1164 1279; x_wconf 89' lang='lat' dir='ltr'><strong>il</strong></span> <span class='ocrx_word' id='word_1_123' title='bbox 1194 1238 1406 1291; x_wconf 83' lang='lat' dir='ltr'><strong>baptisera</strong></span> <span class='ocrx_word' id='word_1_124' title='bbox 1435 1238 1540 1280; x_wconf 81' lang='lat' dir='ltr'><strong>daus</strong></span> <span class='ocrx_word' id='word_1_125' title='bbox 1559 1237 1665 1278; x_wconf 87' lang='lat' dir='ltr'><strong>l&#39;Es-</strong></span> 
     </span>
     <span class='ocr_line' id='line_1_14' title="bbox 93 1300 379 1354; baseline -0.007 -12"><span class='ocrx_word' id='word_1_126' title='bbox 93 1300 337 1354; x_wconf 83' lang='lat' dir='ltr'><strong>prit—Saint.</strong></span> <span class='ocrx_word' id='word_1_127' title='bbox 360 1317 379 1341; x_wconf 92' lang='lat'>»</span> 
     </span>
    </p>

    <p class='ocr_par' dir='ltr' id='par_1_6' title="bbox 89 1366 1662 1682">
     <span class='ocr_line' id='line_1_15' title="bbox 149 1366 1662 1422; baseline 0 -14"><span class='ocrx_word' id='word_1_128' title='bbox 149 1367 210 1408; x_wconf 90' lang='lat' dir='ltr'><strong>On</strong></span> <span class='ocrx_word' id='word_1_129' title='bbox 229 1370 331 1421; x_wconf 88' lang='lat' dir='ltr'><strong>peut</strong></span> <span class='ocrx_word' id='word_1_130' title='bbox 349 1367 608 1421; x_wconf 80' lang='lat' dir='ltr'><strong>amplement</strong></span> <span class='ocrx_word' id='word_1_131' title='bbox 623 1368 873 1422; x_wconf 75' lang='lat' dir='ltr'><strong>developper</strong></span> <span class='ocrx_word' id='word_1_132' title='bbox 893 1368 934 1408; x_wconf 79' lang='lat' dir='ltr'><strong>la</strong></span> <span class='ocrx_word' id='word_1_133' title='bbox 952 1368 1203 1421; x_wconf 73' lang='lat' dir='ltr'><strong>superiorite</strong></span> <span class='ocrx_word' id='word_1_134' title='bbox 1223 1368 1279 1408; x_wconf 90' lang='lat' dir='ltr'><strong>du</strong></span> <span class='ocrx_word' id='word_1_135' title='bbox 1299 1368 1500 1421; x_wconf 74' lang='lat' dir='ltr'><strong>Bapteme</strong></span> <span class='ocrx_word' id='word_1_136' title='bbox 1520 1366 1572 1408; x_wconf 86' lang='lat' dir='ltr'><strong>de</strong></span> <span class='ocrx_word' id='word_1_137' title='bbox 1590 1367 1662 1408; x_wconf 72' lang='lat' dir='ltr'><strong>Je-</strong></span> 
     </span>
     <span class='ocr_line' id='line_1_16' title="bbox 93 1431 1661 1488; baseline 0.001 -17"><span class='ocrx_word' id='word_1_138' title='bbox 93 1431 339 1482; x_wconf 84' lang='lat' dir='ltr'><strong>sus-Christ,</strong></span> <span class='ocrx_word' id='word_1_139' title='bbox 363 1446 433 1473; x_wconf 90' lang='lat' dir='ltr'><strong>sur</strong></span> <span class='ocrx_word' id='word_1_140' title='bbox 451 1432 490 1473; x_wconf 91' lang='lat' dir='ltr'><strong>le</strong></span> <span class='ocrx_word' id='word_1_141' title='bbox 510 1434 711 1487; x_wconf 73' lang='lat' dir='ltr'><strong>Bapteme</strong></span> <span class='ocrx_word' id='word_1_142' title='bbox 732 1434 782 1475; x_wconf 86' lang='lat' dir='ltr'><strong>de</strong></span> <span class='ocrx_word' id='word_1_143' title='bbox 801 1435 822 1474; x_wconf 86' lang='lat' dir='ltr'>J</span> <span class='ocrx_word' id='word_1_144' title='bbox 828 1447 920 1483; x_wconf 79' lang='lat' dir='ltr'><strong>ean,</strong></span> <span class='ocrx_word' id='word_1_145' title='bbox 943 1446 996 1474; x_wconf 84' lang='lat' dir='ltr'><strong>en</strong></span> <span class='ocrx_word' id='word_1_146' title='bbox 1016 1434 1057 1473; x_wconf 80' lang='lat' dir='ltr'><strong>la</strong></span> <span class='ocrx_word' id='word_1_147' title='bbox 1078 1434 1208 1474; x_wconf 80' lang='lat' dir='ltr'><strong>tirunt</strong></span> <span class='ocrx_word' id='word_1_148' title='bbox 1227 1434 1278 1474; x_wconf 89' lang='lat' dir='ltr'><strong>de</strong></span> <span class='ocrx_word' id='word_1_149' title='bbox 1309 1433 1517 1488; x_wconf 85' lang='lat' dir='ltr'><strong>plusieurs</strong></span> <span class='ocrx_word' id='word_1_150' title='bbox 1534 1445 1661 1486; x_wconf 88' lang='lat' dir='ltr'><strong>preu-</strong></span> 
     </span>
     <span class='ocr_line' id='line_1_17' title="bbox 90 1496 1659 1553; baseline 0.001 -17"><span class='ocrx_word' id='word_1_151' title='bbox 90 1507 164 1537; x_wconf 81' lang='lat' dir='ltr'><strong>ves</strong></span> <span class='ocrx_word' id='word_1_152' title='bbox 182 1496 277 1550; x_wconf 80' lang='lat' dir='ltr'><strong>deja</strong></span> <span class='ocrx_word' id='word_1_153' title='bbox 295 1498 568 1553; x_wconf 80' lang='lat' dir='ltr'><strong>developpees</strong></span> <span class='ocrx_word' id='word_1_154' title='bbox 588 1498 690 1539; x_wconf 83' lang='lat' dir='ltr'><strong>dans</strong></span> <span class='ocrx_word' id='word_1_155' title='bbox 710 1499 891 1539; x_wconf 84' lang='lat' dir='ltr'><strong>diverses</strong></span> <span class='ocrx_word' id='word_1_156' title='bbox 913 1499 1051 1551; x_wconf 68' lang='lat' dir='ltr'><strong>leqons</strong></span> <span class='ocrx_word' id='word_1_157' title='bbox 1083 1499 1138 1538; x_wconf 92' lang='lat' dir='ltr'><strong>du</strong></span> <span class='ocrx_word' id='word_1_158' title='bbox 1162 1497 1412 1539; x_wconf 71' lang='lat' dir='ltr'><strong>Candelabre</strong></span> <span class='ocrx_word' id='word_1_159' title='bbox 1442 1497 1659 1553; x_wconf 76' lang='lat' dir='ltr'><strong>Myste&#39;que,</strong></span> 
     </span>
     <span class='ocr_line' id='line_1_18' title="bbox 90 1559 1660 1617; baseline 0 -12"><span class='ocrx_word' id='word_1_160' title='bbox 90 1559 149 1614; x_wconf 75' lang='lat'><strong>(2⁰</strong></span> <span class='ocrx_word' id='word_1_161' title='bbox 170 1561 342 1617; x_wconf 78' lang='lat' dir='ltr'><strong>Traz&#39;te&#39;.)</strong></span> <span class='ocrx_word' id='word_1_162' title='bbox 361 1563 498 1604; x_wconf 81' lang='lat' dir='ltr'><strong>savoir</strong></span> <span class='ocrx_word' id='word_1_163' title='bbox 522 1575 530 1603; x_wconf 93' lang='lat'>:</span> <span class='ocrx_word' id='word_1_164' title='bbox 556 1566 596 1604; x_wconf 80' lang='lat'><strong>1⁰</strong></span> <span class='ocrx_word' id='word_1_165' title='bbox 627 1564 669 1605; x_wconf 80' lang='lat' dir='ltr'><strong>la</strong></span> <span class='ocrx_word' id='word_1_166' title='bbox 690 1565 879 1614; x_wconf 71' lang='lat' dir='ltr'><strong>madere,</strong></span> <span class='ocrx_word' id='word_1_167' title='bbox 903 1567 945 1604; x_wconf 82' lang='lat'><strong>2⁰</strong></span> <span class='ocrx_word' id='word_1_168' title='bbox 979 1565 1018 1604; x_wconf 84' lang='lat' dir='ltr'><strong>la</strong></span> <span class='ocrx_word' id='word_1_169' title='bbox 1050 1564 1199 1614; x_wconf 85' lang='lat' dir='ltr'><strong>forme,</strong></span> <span class='ocrx_word' id='word_1_170' title='bbox 1229 1566 1272 1604; x_wconf 86' lang='lat'><strong>3⁰</strong></span> <span class='ocrx_word' id='word_1_171' title='bbox 1305 1563 1364 1604; x_wconf 86' lang='lat' dir='ltr'><strong>les</strong></span> <span class='ocrx_word' id='word_1_172' title='bbox 1401 1563 1537 1613; x_wconf 58' lang='lat' dir='ltr'><strong>essem,</strong></span> <span class='ocrx_word' id='word_1_173' title='bbox 1557 1566 1601 1604; x_wconf 80' lang='lat'><strong>4⁰</strong></span> <span class='ocrx_word' id='word_1_174' title='bbox 1622 1564 1660 1605; x_wconf 88' lang='lat' dir='ltr'><strong>le</strong></span> 
     </span>
     <span class='ocr_line' id='line_1_19' title="bbox 89 1627 922 1682; baseline 0.004 -15"><span class='ocrx_word' id='word_1_175' title='bbox 89 1629 300 1681; x_wconf 74' lang='lat' dir='ltr'><strong>precepte,</strong></span> <span class='ocrx_word' id='word_1_176' title='bbox 320 1629 364 1667; x_wconf 82' lang='lat'><strong>5⁰</strong></span> <span class='ocrx_word' id='word_1_177' title='bbox 385 1627 423 1668; x_wconf 89' lang='lat' dir='ltr'><strong>le</strong></span> <span class='ocrx_word' id='word_1_178' title='bbox 445 1627 653 1678; x_wconf 86' lang='lat' dir='ltr'><strong>ministre,</strong></span> <span class='ocrx_word' id='word_1_179' title='bbox 676 1631 719 1670; x_wconf 78' lang='grc' dir='ltr'><strong>6ο</strong></span> <span class='ocrx_word' id='word_1_180' title='bbox 741 1629 778 1670; x_wconf 85' lang='lat' dir='ltr'><strong>le</strong></span> <span class='ocrx_word' id='word_1_181' title='bbox 798 1630 922 1682; x_wconf 87' lang='lat' dir='ltr'><strong>sujet.</strong></span> 
     </span>
    </p>

    <p class='ocr_par' dir='ltr' id='par_1_7' title="bbox 87 1691 1660 1943">
     <span class='ocr_line' id='line_1_20' title="bbox 143 1691 1660 1746; baseline 0.002 -14"><span class='ocrx_word' id='word_1_182' title='bbox 143 1691 257 1732; x_wconf 89' lang='lat' dir='ltr'><strong>Nous</strong></span> <span class='ocrx_word' id='word_1_183' title='bbox 275 1691 409 1732; x_wconf 84' lang='lat' dir='ltr'><strong>allons</strong></span> <span class='ocrx_word' id='word_1_184' title='bbox 431 1692 691 1734; x_wconf 77' lang='lat' dir='ltr'><strong>brievement</strong></span> <span class='ocrx_word' id='word_1_185' title='bbox 711 1696 900 1735; x_wconf 78' lang='lat' dir='ltr'><strong>resumer</strong></span> <span class='ocrx_word' id='word_1_186' title='bbox 919 1696 956 1734; x_wconf 90' lang='lat' dir='ltr'><strong>le</strong></span> <span class='ocrx_word' id='word_1_187' title='bbox 978 1697 1070 1735; x_wconf 91' lang='lat' dir='ltr'><strong>tout</strong></span> <span class='ocrx_word' id='word_1_188' title='bbox 1090 1707 1143 1735; x_wconf 88' lang='lat' dir='ltr'><strong>en</strong></span> <span class='ocrx_word' id='word_1_189' title='bbox 1166 1707 1247 1735; x_wconf 87' lang='lat' dir='ltr'><strong>une</strong></span> <span class='ocrx_word' id='word_1_190' title='bbox 1280 1694 1393 1735; x_wconf 87' lang='lat' dir='ltr'><strong>seule</strong></span> <span class='ocrx_word' id='word_1_191' title='bbox 1426 1695 1561 1746; x_wconf 69' lang='lat' dir='ltr'><strong>lecon.</strong></span> <span class='ocrx_word' id='word_1_192' title='bbox 1582 1695 1660 1735; x_wconf 86' lang='lat' dir='ltr'><strong>Les</strong></span> 
     </span>
     <span class='ocr_line' id='line_1_21' title="bbox 89 1756 1655 1814; baseline 0.002 -18"><span class='ocrx_word' id='word_1_193' title='bbox 89 1756 374 1809; x_wconf 71' lang='lat' dir='ltr'><strong>predicaoeurs</strong></span> <span class='ocrx_word' id='word_1_194' title='bbox 392 1760 435 1798; x_wconf 85' lang='lat' dir='ltr'><strong>et</strong></span> <span class='ocrx_word' id='word_1_195' title='bbox 453 1758 513 1798; x_wconf 91' lang='lat' dir='ltr'><strong>les</strong></span> <span class='ocrx_word' id='word_1_196' title='bbox 530 1762 719 1811; x_wconf 83' lang='lat' dir='ltr'><strong>pasteurs</strong></span> <span class='ocrx_word' id='word_1_197' title='bbox 738 1761 827 1813; x_wconf 88' lang='lat' dir='ltr'><strong>qui,</strong></span> <span class='ocrx_word' id='word_1_198' title='bbox 850 1761 1004 1800; x_wconf 85' lang='lat' dir='ltr'><strong>durant</strong></span> <span class='ocrx_word' id='word_1_199' title='bbox 1023 1760 1061 1801; x_wconf 89' lang='lat' dir='ltr'><strong>le</strong></span> <span class='ocrx_word' id='word_1_200' title='bbox 1082 1761 1194 1800; x_wconf 82' lang='lat' dir='ltr'><strong>saint</strong></span> <span class='ocrx_word' id='word_1_201' title='bbox 1225 1763 1361 1814; x_wconf 85' lang='lat' dir='ltr'><strong>temps</strong></span> <span class='ocrx_word' id='word_1_202' title='bbox 1393 1760 1444 1800; x_wconf 91' lang='lat' dir='ltr'><strong>de</strong></span> <span class='ocrx_word' id='word_1_203' title='bbox 1475 1759 1655 1810; x_wconf 82' lang='lat' dir='ltr'><strong>l&#39;Avent,</strong></span> 
     </span>
     <span class='ocr_line' id='line_1_22' title="bbox 87 1820 1657 1879; baseline 0.003 -18"><span class='ocrx_word' id='word_1_204' title='bbox 87 1820 339 1862; x_wconf 80' lang='lat' dir='ltr'><strong>voudraient</strong></span> <span class='ocrx_word' id='word_1_205' title='bbox 356 1822 416 1863; x_wconf 89' lang='lat' dir='ltr'><strong>les</strong></span> <span class='ocrx_word' id='word_1_206' title='bbox 436 1823 688 1878; x_wconf 80' lang='lat' dir='ltr'><strong>developper</strong></span> <span class='ocrx_word' id='word_1_207' title='bbox 713 1825 806 1878; x_wconf 87' lang='lat' dir='ltr'><strong>plus</strong></span> <span class='ocrx_word' id='word_1_208' title='bbox 838 1826 1131 1878; x_wconf 85' lang='lat' dir='ltr'><strong>longuement‚</strong></span> <span class='ocrx_word' id='word_1_209' title='bbox 1155 1829 1360 1879; x_wconf 87' lang='lat' dir='ltr'><strong>pourront</strong></span> <span class='ocrx_word' id='word_1_210' title='bbox 1390 1825 1657 1867; x_wconf 70' lang='lat' dir='ltr'><strong>reconnaitre</strong></span> 
     </span>
     <span class='ocr_line' id='line_1_23' title="bbox 87 1885 1656 1943; baseline 0.003 -17"><span class='ocrx_word' id='word_1_211' title='bbox 87 1897 147 1926; x_wconf 89' lang='lat' dir='ltr'><strong>un</strong></span> <span class='ocrx_word' id='word_1_212' title='bbox 167 1885 291 1927; x_wconf 72' lang='lat' dir='ltr'><strong>truite</strong></span> <span class='ocrx_word' id='word_1_213' title='bbox 313 1886 406 1940; x_wconf 70' lang='lat' dir='ltr'><strong>dejzt</strong></span> <span class='ocrx_word' id='word_1_214' title='bbox 425 1887 523 1928; x_wconf 78' lang='lat' dir='ltr'><strong>cite.</strong></span> <span class='ocrx_word' id='word_1_215' title='bbox 546 1888 599 1929; x_wconf 92' lang='lat' dir='ltr'><strong>lls</strong></span> <span class='ocrx_word' id='word_1_216' title='bbox 623 1894 828 1942; x_wconf 87' lang='lat' dir='ltr'><strong>pourront</strong></span> <span class='ocrx_word' id='word_1_217' title='bbox 859 1903 911 1930; x_wconf 89' lang='lat' dir='ltr'><strong>en</strong></span> <span class='ocrx_word' id='word_1_218' title='bbox 943 1890 1046 1931; x_wconf 85' lang='lat' dir='ltr'><strong>tirer</strong></span> <span class='ocrx_word' id='word_1_219' title='bbox 1076 1891 1283 1943; x_wconf 85' lang='lat' dir='ltr'><strong>plusieurs</strong></span> <span class='ocrx_word' id='word_1_220' title='bbox 1315 1891 1500 1931; x_wconf 85' lang='lat' dir='ltr'><strong>discours</strong></span> <span class='ocrx_word' id='word_1_221' title='bbox 1531 1890 1656 1931; x_wconf 86' lang='lat' dir='ltr'><strong>utiles</strong></span> 
     </span>
    </p>
   </div>
   <div class='ocr_carea' id='block_1_6' title="bbox 81 2024 1654 2403">
    <p class='ocr_par' dir='ltr' id='par_1_8' title="bbox 81 2024 1654 2403">
     <span class='ocr_line' id='line_1_24' title="bbox 83 2024 1654 2073; baseline 0.003 -13"><span class='ocrx_word' id='word_1_222' title='bbox 83 2031 125 2071; x_wconf 68' lang='lat' dir='ltr'><strong>as</strong></span> <span class='ocrx_word' id='word_1_223' title='bbox 152 2024 310 2070; x_wconf 78' lang='lat' dir='ltr'><strong>eruaris,</strong></span> <span class='ocrx_word' id='word_1_224' title='bbox 347 2036 416 2073; x_wconf 83' lang='lat' dir='ltr'><strong>ego</strong></span> <span class='ocrx_word' id='word_1_225' title='bbox 452 2031 488 2064; x_wconf 86' lang='lat' dir='ltr'><strong>et</strong></span> <span class='ocrx_word' id='word_1_226' title='bbox 524 2027 590 2064; x_wconf 86' lang='lat' dir='ltr'><strong>illa</strong></span> <span class='ocrx_word' id='word_1_227' title='bbox 622 2032 839 2065; x_wconf 85' lang='lat' dir='ltr'><strong>contemno.</strong></span> <span class='ocrx_word' id='word_1_228' title='bbox 859 2031 866 2049; x_wconf 75' lang='lat'><strong><em>⁹</em></strong></span> <span class='ocrx_word' id='word_1_229' title='bbox 883 2028 980 2065; x_wconf 89' lang='lat' dir='ltr'><strong>inter</strong></span> <span class='ocrx_word' id='word_1_230' title='bbox 1002 2040 1040 2064; x_wconf 86' lang='lat' dir='ltr'><strong>se</strong></span> <span class='ocrx_word' id='word_1_231' title='bbox 1061 2034 1097 2065; x_wconf 88' lang='lat' dir='ltr'><strong>et</strong></span> <span class='ocrx_word' id='word_1_232' title='bbox 1116 2029 1326 2071; x_wconf 83' lang='lat' dir='ltr'><strong>Christum,</strong></span> <span class='ocrx_word' id='word_1_233' title='bbox 1348 2028 1447 2065; x_wconf 86' lang='lat' dir='ltr'><strong>inter</strong></span> <span class='ocrx_word' id='word_1_234' title='bbox 1473 2037 1586 2066; x_wconf 87' lang='lat' dir='ltr'><strong>suum</strong></span> <span class='ocrx_word' id='word_1_235' title='bbox 1616 2031 1654 2065; x_wconf 87' lang='lat' dir='ltr'><strong>et</strong></span> 
     </span>
     <span class='ocr_line' id='line_1_25' title="bbox 83 2069 1653 2122; baseline 0.003 -14"><span class='ocrx_word' id='word_1_236' title='bbox 83 2069 108 2108; x_wconf 79' lang='lat' dir='ltr'>S</span> <span class='ocrx_word' id='word_1_237' title='bbox 156 2099 170 2118; x_wconf 91' lang='lat'>,</span> <span class='ocrx_word' id='word_1_238' title='bbox 189 2070 300 2117; x_wconf 87' lang='lat' dir='ltr'><strong>eheu,</strong></span> <span class='ocrx_word' id='word_1_239' title='bbox 323 2083 441 2111; x_wconf 89' lang='lat' dir='ltr'><strong>unum</strong></span> <span class='ocrx_word' id='word_1_240' title='bbox 462 2079 517 2111; x_wconf 82' lang='lat' dir='ltr'><strong>est</strong></span> <span class='ocrx_word' id='word_1_241' title='bbox 536 2076 577 2112; x_wconf 90' lang='lat' dir='ltr'><strong>in</strong></span> <span class='ocrx_word' id='word_1_242' title='bbox 597 2086 671 2122; x_wconf 86' lang='lat' dir='ltr'><strong>quo</strong></span> <span class='ocrx_word' id='word_1_243' title='bbox 691 2086 751 2112; x_wconf 87' lang='lat' dir='ltr'><strong>me</strong></span> <span class='ocrx_word' id='word_1_244' title='bbox 778 2086 842 2112; x_wconf 89' lang='lat' dir='ltr'><strong>su-</strong></span> <span class='ocrx_word' id='word_1_245' title='bbox 883 2076 1018 2112; x_wconf 83' lang='lat' dir='ltr'><strong>Christi</strong></span> <span class='ocrx_word' id='word_1_246' title='bbox 1034 2076 1277 2122; x_wconf 83' lang='lat' dir='ltr'><strong>baptismum,</strong></span> <span class='ocrx_word' id='word_1_247' title='bbox 1298 2074 1653 2113; x_wconf 79' lang='lat' dir='ltr'><strong>differentiaminsi-</strong></span> 
     </span>
     <span class='ocr_line' id='line_1_26' title="bbox 81 2119 1652 2171; baseline 0.003 -16"><span class='ocrx_word' id='word_1_248' title='bbox 81 2119 206 2167; x_wconf 77' lang='lat' dir='ltr'><strong>peras!</strong></span> <span class='ocrx_word' id='word_1_249' title='bbox 233 2135 247 2154; x_wconf 74' lang='lat' dir='ltr'>n</span> <span class='ocrx_word' id='word_1_250' title='bbox 272 2122 364 2158; x_wconf 89' lang='lat' dir='ltr'><strong>Cum</strong></span> <span class='ocrx_word' id='word_1_251' title='bbox 379 2132 465 2159; x_wconf 82' lang='lat' dir='ltr'><strong>vero</strong></span> <span class='ocrx_word' id='word_1_252' title='bbox 485 2122 540 2159; x_wconf 87' lang='lat' dir='ltr'><strong>vir</strong></span> <span class='ocrx_word' id='word_1_253' title='bbox 559 2128 711 2160; x_wconf 77' lang='lat' dir='ltr'><strong>sanctus</strong></span> <span class='ocrx_word' id='word_1_254' title='bbox 732 2134 842 2171; x_wconf 82' lang='lat' dir='ltr'><strong>urge·</strong></span> <span class='ocrx_word' id='word_1_255' title='bbox 883 2124 1034 2160; x_wconf 83' lang='lat' dir='ltr'><strong>nuantis</strong></span> <span class='ocrx_word' id='word_1_256' title='bbox 1057 2134 1065 2159; x_wconf 88' lang='lat'>:</span> <span class='ocrx_word' id='word_1_257' title='bbox 1094 2137 1107 2155; x_wconf 86' lang='lat'>«</span> <span class='ocrx_word' id='word_1_258' title='bbox 1132 2125 1207 2168; x_wconf 67' lang='lat' dir='ltr'><strong>Ego</strong></span> <span class='ocrx_word' id='word_1_259' title='bbox 1235 2123 1380 2170; x_wconf 83' lang='lat' dir='ltr'><strong>baptiso</strong></span> <span class='ocrx_word' id='word_1_260' title='bbox 1399 2125 1441 2159; x_wconf 82' lang='lat' dir='ltr'><strong>tn</strong></span> <span class='ocrx_word' id='word_1_261' title='bbox 1461 2133 1572 2170; x_wconf 84' lang='lat' dir='ltr'><strong>aqua,</strong></span> <span class='ocrx_word' id='word_1_262' title='bbox 1586 2122 1652 2160; x_wconf 83' lang='lat' dir='ltr'><strong>ille</strong></span> 
     </span>
     <span class='ocr_line' id='line_1_27' title="bbox 83 2167 1653 2218; baseline 0.002 -13"><span class='ocrx_word' id='word_1_263' title='bbox 83 2169 139 2212; x_wconf 67' lang='lat' dir='ltr'><strong>rot,</strong></span> <span class='ocrx_word' id='word_1_264' title='bbox 168 2171 208 2205; x_wconf 88' lang='lat' dir='ltr'><strong>ut</strong></span> <span class='ocrx_word' id='word_1_265' title='bbox 245 2167 422 2213; x_wconf 82' lang='lat' dir='ltr'><strong>ediceret,</strong></span> <span class='ocrx_word' id='word_1_266' title='bbox 461 2170 550 2216; x_wconf 91' lang='lat' dir='ltr'><strong>quid</strong></span> <span class='ocrx_word' id='word_1_267' title='bbox 588 2170 683 2207; x_wconf 91' lang='lat' dir='ltr'><strong>illud</strong></span> <span class='ocrx_word' id='word_1_268' title='bbox 726 2171 841 2215; x_wconf 83' lang='lat' dir='ltr'><strong>soret;</strong></span> <span class='ocrx_word' id='word_1_269' title='bbox 884 2171 1083 2218; x_wconf 80' lang='lat' dir='ltr'><strong>baptisabit</strong></span> <span class='ocrx_word' id='word_1_270' title='bbox 1104 2172 1143 2208; x_wconf 89' lang='lat' dir='ltr'><strong>in</strong></span> <span class='ocrx_word' id='word_1_271' title='bbox 1163 2171 1302 2218; x_wconf 89' lang='lat' dir='ltr'><strong>Spiritu</strong></span> <span class='ocrx_word' id='word_1_272' title='bbox 1323 2171 1504 2207; x_wconf 71' lang='lat' dir='ltr'><strong>Sancta.»</strong></span> <span class='ocrx_word' id='word_1_273' title='bbox 1523 2169 1653 2208; x_wconf 84' lang='lat' dir='ltr'><strong>Decla-</strong></span> 
     </span>
     <span class='ocr_line' id='line_1_28' title="bbox 81 2213 1651 2267; baseline 0.003 -17"><span class='ocrx_word' id='word_1_274' title='bbox 81 2213 234 2254; x_wconf 78' lang='lat' dir='ltr'><strong>tandem</strong></span> <span class='ocrx_word' id='word_1_275' title='bbox 254 2215 389 2254; x_wconf 87' lang='lat' dir='ltr'><strong>virtute</strong></span> <span class='ocrx_word' id='word_1_276' title='bbox 419 2227 465 2254; x_wconf 86' lang='lat' dir='ltr'><strong>ex</strong></span> <span class='ocrx_word' id='word_1_277' title='bbox 498 2218 573 2255; x_wconf 86' lang='lat' dir='ltr'><strong>alto</strong></span> <span class='ocrx_word' id='word_1_278' title='bbox 607 2223 759 2256; x_wconf 84' lang='lat' dir='ltr'><strong>coactus</strong></span> <span class='ocrx_word' id='word_1_279' title='bbox 788 2224 843 2255; x_wconf 89' lang='lat' dir='ltr'><strong>est</strong></span> <span class='ocrx_word' id='word_1_280' title='bbox 883 2218 957 2255; x_wconf 82' lang='lat' dir='ltr'><strong>rari</strong></span> <span class='ocrx_word' id='word_1_281' title='bbox 979 2219 1092 2264; x_wconf 79' lang='lat' dir='ltr'><strong>igitur</strong></span> <span class='ocrx_word' id='word_1_282' title='bbox 1115 2219 1176 2256; x_wconf 87' lang='lat' dir='ltr'><strong>hic</strong></span> <span class='ocrx_word' id='word_1_283' title='bbox 1197 2219 1333 2265; x_wconf 86' lang='lat' dir='ltr'><strong>poterit</strong></span> <span class='ocrx_word' id='word_1_284' title='bbox 1353 2218 1479 2266; x_wconf 83' lang='lat' dir='ltr'><strong>ample</strong></span> <span class='ocrx_word' id='word_1_285' title='bbox 1500 2217 1651 2267; x_wconf 80' lang='lat' dir='ltr'><strong>magni-</strong></span> 
     </span>
     <span class='ocr_line' id='line_1_29' title="bbox 81 2262 1650 2314; baseline 0.001 -14"><span class='ocrx_word' id='word_1_286' title='bbox 81 2262 308 2311; x_wconf 72' lang='lat' dir='ltr'><strong>respondere</strong></span> <span class='ocrx_word' id='word_1_287' title='bbox 345 2268 381 2301; x_wconf 86' lang='lat' dir='ltr'><strong>et</strong></span> <span class='ocrx_word' id='word_1_288' title='bbox 418 2264 543 2303; x_wconf 82' lang='lat' dir='ltr'><strong>dicere</strong></span> <span class='ocrx_word' id='word_1_289' title='bbox 569 2277 576 2303; x_wconf 94' lang='lat'>:</span> <span class='ocrx_word' id='word_1_290' title='bbox 598 2282 611 2298; x_wconf 85' lang='lat'>«</span> <span class='ocrx_word' id='word_1_291' title='bbox 655 2266 843 2303; x_wconf 81' lang='lat' dir='ltr'><strong>Profunda</strong></span> <span class='ocrx_word' id='word_1_292' title='bbox 884 2267 1035 2303; x_wconf 81' lang='lat' dir='ltr'><strong>licentia</strong></span> <span class='ocrx_word' id='word_1_293' title='bbox 1056 2266 1233 2314; x_wconf 75' lang='lat' dir='ltr'><strong>baptismi</strong></span> <span class='ocrx_word' id='word_1_294' title='bbox 1264 2266 1401 2303; x_wconf 81' lang='lat' dir='ltr'><strong>Christi</strong></span> <span class='ocrx_word' id='word_1_295' title='bbox 1421 2277 1535 2312; x_wconf 89' lang='lat' dir='ltr'><strong>supra</strong></span> <span class='ocrx_word' id='word_1_296' title='bbox 1557 2265 1650 2314; x_wconf 85' lang='lat' dir='ltr'><strong>bap-</strong></span> 
     </span>
     <span class='ocr_line' id='line_1_30' title="bbox 83 2308 1649 2364; baseline 0.003 -17"><span class='ocrx_word' id='word_1_297' title='bbox 83 2310 140 2355; x_wconf 64' lang='grc' dir='ltr'><strong>Θξῑ</strong></span> <span class='ocrx_word' id='word_1_298' title='bbox 170 2308 368 2364; x_wconf 67' lang='lat' dir='ltr'><strong>‘humilitas</strong></span> <span class='ocrx_word' id='word_1_299' title='bbox 396 2315 474 2358; x_wconf 85' lang='lat' dir='ltr'><strong>tua,</strong></span> <span class='ocrx_word' id='word_1_300' title='bbox 494 2324 608 2361; x_wconf 86' lang='lat' dir='ltr'><strong>quam</strong></span> <span class='ocrx_word' id='word_1_301' title='bbox 640 2314 736 2350; x_wconf 89' lang='lat' dir='ltr'><strong>mihi</strong></span> <span class='ocrx_word' id='word_1_302' title='bbox 768 2315 842 2350; x_wconf 89' lang='lat' dir='ltr'><strong>im-</strong></span> <span class='ocrx_word' id='word_1_303' title='bbox 884 2315 1039 2351; x_wconf 86' lang='lat' dir='ltr'><strong>tismum</strong></span> <span class='ocrx_word' id='word_1_304' title='bbox 1061 2314 1219 2351; x_wconf 87' lang='lat' dir='ltr'><strong>Joannis</strong></span> <span class='ocrx_word' id='word_1_305' title='bbox 1234 2325 1279 2351; x_wconf 81' lang='lat' dir='ltr'><strong>ex</strong></span> <span class='ocrx_word' id='word_1_306' title='bbox 1294 2313 1499 2360; x_wconf 87' lang='lat' dir='ltr'><strong>multiplici</strong></span> <span class='ocrx_word' id='word_1_307' title='bbox 1512 2313 1649 2359; x_wconf 81' lang='lat' dir='ltr'><strong>capite,</strong></span> 
     </span>
     <span class='ocr_line' id='line_1_31' title="bbox 82 2356 1652 2403; baseline 0.004 -10"><span class='ocrx_word' id='word_1_308' title='bbox 82 2356 263 2403; x_wconf 71' lang='lat' dir='ltr'><strong>posmbxte</strong></span> <span class='ocrx_word' id='word_1_309' title='bbox 281 2359 501 2398; x_wconf 86' lang='lat' dir='ltr'><strong>estimitari.</strong></span> <span class='ocrx_word' id='word_1_310' title='bbox 526 2377 539 2393; x_wconf 78' lang='grc' dir='ltr'><strong>υ</strong></span> <span class='ocrx_word' id='word_1_311' title='bbox 566 2361 652 2399; x_wconf 84' lang='lat' dir='ltr'><strong>Haec</strong></span> <span class='ocrx_word' id='word_1_312' title='bbox 669 2361 763 2398; x_wconf 80' lang='lat' dir='ltr'><strong>dixit</strong></span> <span class='ocrx_word' id='word_1_313' title='bbox 782 2365 843 2399; x_wconf 77' lang='lat' dir='ltr'><strong>Sa-</strong></span> <span class='ocrx_word' id='word_1_314' title='bbox 883 2373 927 2398; x_wconf 80' lang='lat' dir='ltr'><strong>ex</strong></span> <span class='ocrx_word' id='word_1_315' title='bbox 963 2362 1023 2398; x_wconf 85' lang='lat' dir='ltr'><strong>his</strong></span> <span class='ocrx_word' id='word_1_316' title='bbox 1078 2372 1135 2398; x_wconf 85' lang='lat' dir='ltr'><strong>uae</strong></span> <span class='ocrx_word' id='word_1_317' title='bbox 1179 2373 1201 2398; x_wconf 84' lang='lat' dir='ltr'><strong>a</strong></span> <span class='ocrx_word' id='word_1_318' title='bbox 1233 2361 1344 2399; x_wconf 92' lang='lat' dir='ltr'><strong>nobis</strong></span> <span class='ocrx_word' id='word_1_319' title='bbox 1376 2365 1530 2398; x_wconf 85' lang='lat' dir='ltr'><strong>tractata</strong></span> <span class='ocrx_word' id='word_1_320' title='bbox 1563 2365 1652 2399; x_wconf 85' lang='lat' dir='ltr'><strong>sunt</strong></span> 
     </span>
    </p>
   </div>
   <div class='ocr_carea' id='block_1_7' title="bbox 84 2404 1651 2786">
    <p class='ocr_par' dir='ltr' id='par_1_9' title="bbox 84 2404 1651 2786">
     <span class='ocr_line' id='line_1_32' title="bbox 84 2404 1648 2449; baseline 0.004 -8"><span class='ocrx_word' id='word_1_321' title='bbox 84 2404 164 2449; x_wconf 76' lang='lat' dir='ltr'><strong>tan,</strong></span> <span class='ocrx_word' id='word_1_322' title='bbox 183 2409 219 2442; x_wconf 85' lang='lat' dir='ltr'><strong>et</strong></span> <span class='ocrx_word' id='word_1_323' title='bbox 238 2415 326 2444; x_wconf 84' lang='lat' dir='ltr'><strong>mox</strong></span> <span class='ocrx_word' id='word_1_324' title='bbox 345 2407 525 2446; x_wconf 79' lang='lat' dir='ltr'><strong>confusus</strong></span> <span class='ocrx_word' id='word_1_325' title='bbox 543 2409 737 2447; x_wconf 80' lang='lat' dir='ltr'><strong>abscessit.</strong></span> <span class='ocrx_word' id='word_1_326' title='bbox 884 2409 923 2446; x_wconf 87' lang='lat' dir='ltr'><strong>in</strong></span> <span class='ocrx_word' id='word_1_327' title='bbox 974 2411 1049 2446; x_wconf 82' lang='lat' dir='ltr'><strong>Can</strong></span> <span class='ocrx_word' id='word_1_328' title='bbox 1080 2408 1208 2446; x_wconf 83' lang='lat' dir='ltr'><strong>elabro</strong></span> <span class='ocrx_word' id='word_1_329' title='bbox 1241 2410 1277 2447; x_wconf 90' lang='lat' dir='ltr'>M</span> <span class='ocrx_word' id='word_1_330' title='bbox 1306 2410 1400 2447; x_wconf 87' lang='lat' dir='ltr'><strong>stico</strong></span> <span class='ocrx_word' id='word_1_331' title='bbox 1442 2409 1564 2445; x_wconf 87' lang='lat' dir='ltr'><strong>Tract.</strong></span> <span class='ocrx_word' id='word_1_332' title='bbox 1610 2407 1648 2448; x_wconf 81' lang='lat'><strong>2.</strong></span> 
     </span>
     <span class='ocr_line' id='line_1_33' title="bbox 884 2457 1651 2504; baseline 0.003 -11"><span class='ocrx_word' id='word_1_333' title='bbox 884 2468 949 2504; x_wconf 87' lang='lat' dir='ltr'><strong>per</strong></span> <span class='ocrx_word' id='word_1_334' title='bbox 992 2457 1113 2493; x_wconf 79' lang='lat' dir='ltr'><strong>varias</strong></span> <span class='ocrx_word' id='word_1_335' title='bbox 1153 2458 1251 2494; x_wconf 86' lang='lat' dir='ltr'><strong>Lect.</strong></span> <span class='ocrx_word' id='word_1_336' title='bbox 1315 2459 1428 2502; x_wconf 89' lang='lat' dir='ltr'><strong>rimo,</strong></span> <span class='ocrx_word' id='word_1_337' title='bbox 1461 2467 1505 2492; x_wconf 88' lang='lat' dir='ltr'><strong>cx</strong></span> <span class='ocrx_word' id='word_1_338' title='bbox 1570 2459 1651 2495; x_wconf 73' lang='lat' dir='ltr'><strong>arto</strong></span> 
     </span>
     <span class='ocr_line' id='line_1_34' title="bbox 424 2505 1649 2552; baseline 0 -12"><span class='ocrx_word' id='word_1_339' title='bbox 424 2524 496 2535; x_wconf 94' lang='lat'>—</span> <span class='ocrx_word' id='word_1_340' title='bbox 883 2505 1065 2548; x_wconf 77' lang='lat' dir='ltr'><strong>materiae,</strong></span> <span class='ocrx_word' id='word_1_341' title='bbox 1087 2505 1122 2542; x_wconf 83' lang='lat'><strong>2.</strong></span> <span class='ocrx_word' id='word_1_342' title='bbox 1144 2515 1194 2541; x_wconf 82' lang='lat' dir='ltr'><strong>ex</strong></span> <span class='ocrx_word' id='word_1_343' title='bbox 1226 2509 1330 2552; x_wconf 84' lang='lat' dir='ltr'><strong>parte</strong></span> <span class='ocrx_word' id='word_1_344' title='bbox 1368 2505 1513 2547; x_wconf 82' lang='lat' dir='ltr'><strong>formae,</strong></span> <span class='ocrx_word' id='word_1_345' title='bbox 1562 2532 1570 2539; x_wconf 97' lang='lat'>.</span> <span class='ocrx_word' id='word_1_346' title='bbox 1604 2512 1649 2541; x_wconf 85' lang='lat' dir='ltr'><strong>ex</strong></span> 
     </span>
     <span class='ocr_line' id='line_1_35' title="bbox 883 2550 1647 2600; baseline 0 -12"><span class='ocrx_word' id='word_1_347' title='bbox 883 2557 986 2599; x_wconf 82' lang='lat' dir='ltr'><strong>parte</strong></span> <span class='ocrx_word' id='word_1_348' title='bbox 1015 2551 1185 2596; x_wconf 76' lang='lat' dir='ltr'><strong>effeetus,</strong></span> <span class='ocrx_word' id='word_1_349' title='bbox 1206 2553 1242 2589; x_wconf 62' lang='lat'><strong>4.</strong></span> <span class='ocrx_word' id='word_1_350' title='bbox 1264 2563 1309 2589; x_wconf 85' lang='lat' dir='ltr'><strong>ex</strong></span> <span class='ocrx_word' id='word_1_351' title='bbox 1330 2556 1434 2599; x_wconf 86' lang='lat' dir='ltr'><strong>parte</strong></span> <span class='ocrx_word' id='word_1_352' title='bbox 1453 2550 1647 2600; x_wconf 75' lang='lat' dir='ltr'><strong>praecepti,</strong></span> 
     </span>
     <span class='ocr_line' id='line_1_36' title="bbox 217 2588 1648 2654; baseline 0.005 -25"><span class='ocrx_word' id='word_1_353' title='bbox 217 2588 396 2633; x_wconf 78' lang='lat' dir='ltr'><strong>EADEM</strong></span> <span class='ocrx_word' id='word_1_354' title='bbox 431 2592 705 2634; x_wconf 85' lang='lat' dir='ltr'><strong>DOMINICA.</strong></span> <span class='ocrx_word' id='word_1_355' title='bbox 882 2601 917 2636; x_wconf 84' lang='lat'><strong>5.</strong></span> <span class='ocrx_word' id='word_1_356' title='bbox 951 2610 997 2654; x_wconf 70' lang='lat' dir='ltr'><strong>ex</strong></span> <span class='ocrx_word' id='word_1_357' title='bbox 1030 2605 1133 2647; x_wconf 86' lang='lat' dir='ltr'><strong>parte</strong></span> <span class='ocrx_word' id='word_1_358' title='bbox 1155 2600 1342 2645; x_wconf 84' lang='lat' dir='ltr'><strong>ministri,</strong></span> <span class='ocrx_word' id='word_1_359' title='bbox 1389 2599 1424 2635; x_wconf 86' lang='grc'><strong>6.</strong></span> <span class='ocrx_word' id='word_1_360' title='bbox 1464 2609 1512 2635; x_wconf 83' lang='lat' dir='ltr'><strong>ex</strong></span> <span class='ocrx_word' id='word_1_361' title='bbox 1543 2603 1648 2646; x_wconf 84' lang='lat' dir='ltr'><strong>parte</strong></span> 
     </span>
     <span class='ocr_line' id='line_1_37' title="bbox 883 2648 1172 2684; baseline 0 0"><span class='ocrx_word' id='word_1_362' title='bbox 883 2658 981 2684; x_wconf 75' lang='lat' dir='ltr'><strong>susci</strong></span> <span class='ocrx_word' id='word_1_363' title='bbox 1014 2648 1091 2684; x_wconf 84' lang='lat' dir='ltr'><strong>ient</strong></span> <span class='ocrx_word' id='word_1_364' title='bbox 1120 2659 1172 2684; x_wconf 91' lang='lat' dir='ltr'><strong>m.</strong></span> 
     </span>
     <span class='ocr_line' id='line_1_38' title="bbox 85 2658 1647 2749; baseline 0.004 -25"><span class='ocrx_word' id='word_1_365' title='bbox 85 2688 143 2725; x_wconf 83' lang='lat' dir='ltr'><strong>De</strong></span> <span class='ocrx_word' id='word_1_366' title='bbox 162 2686 392 2739; x_wconf 74' lang='lat' dir='ltr'><strong>differentia</strong></span> <span class='ocrx_word' id='word_1_367' title='bbox 413 2690 600 2749; x_wconf 65' lang='lat' dir='ltr'><strong>baptismi</strong></span> <span class='ocrx_word' id='word_1_368' title='bbox 619 2695 786 2732; x_wconf 78' lang='lat' dir='ltr'><strong>loannis</strong></span> <span class='ocrx_word' id='word_1_369' title='bbox 805 2698 843 2732; x_wconf 86' lang='lat' dir='ltr'><strong>et</strong></span> <span class='ocrx_word' id='word_1_370' title='bbox 930 2658 1174 2732; x_wconf 53' lang='lat' dir='ltr'><strong>Brgviteruhic</strong></span> <span class='ocrx_word' id='word_1_371' title='bbox 1194 2695 1240 2731; x_wconf 88' lang='lat' dir='ltr'><strong>de</strong></span> <span class='ocrx_word' id='word_1_372' title='bbox 1263 2694 1321 2730; x_wconf 83' lang='lat' dir='ltr'><strong>his</strong></span> <span class='ocrx_word' id='word_1_373' title='bbox 1341 2693 1502 2740; x_wconf 80' lang='lat' dir='ltr'><strong>singulis</strong></span> <span class='ocrx_word' id='word_1_374' title='bbox 1520 2693 1647 2741; x_wconf 83' lang='lat' dir='ltr'><strong>aliqua</strong></span> 
     </span>
     <span class='ocr_line' id='line_1_39' title="bbox 383 2737 1647 2786; baseline 0.002 -11"><span class='ocrx_word' id='word_1_375' title='bbox 383 2737 546 2777; x_wconf 64' lang='lat' dir='ltr'><strong>Chresti.</strong></span> <span class='ocrx_word' id='word_1_376' title='bbox 882 2742 1178 2786; x_wconf 81' lang='lat' dir='ltr'><strong>insinuabimus,</strong></span> <span class='ocrx_word' id='word_1_377' title='bbox 1193 2746 1230 2778; x_wconf 89' lang='lat' dir='ltr'><strong>et</strong></span> <span class='ocrx_word' id='word_1_378' title='bbox 1246 2741 1287 2778; x_wconf 90' lang='lat' dir='ltr'><strong>in</strong></span> <span class='ocrx_word' id='word_1_379' title='bbox 1302 2751 1419 2778; x_wconf 90' lang='lat' dir='ltr'><strong>unam</strong></span> <span class='ocrx_word' id='word_1_380' title='bbox 1432 2741 1647 2779; x_wconf 78' lang='lat' dir='ltr'><strong>tectionem</strong></span> 
     </span>
    </p>
   </div>
   <div class='ocr_carea' id='block_1_8' title="bbox 882 2789 1646 2836">
    <p class='ocr_par' dir='ltr' id='par_1_10' title="bbox 882 2789 1646 2836">
     <span class='ocr_line' id='line_1_40' title="bbox 882 2789 1646 2836; baseline 0.003 -10"><span class='ocrx_word' id='word_1_381' title='bbox 882 2791 1107 2836; x_wconf 80' lang='lat' dir='ltr'><strong>redigemus,</strong></span> <span class='ocrx_word' id='word_1_382' title='bbox 1131 2789 1424 2826; x_wconf 83' lang='lat' dir='ltr'><strong>concionatores</strong></span> <span class='ocrx_word' id='word_1_383' title='bbox 1443 2789 1500 2826; x_wconf 85' lang='lat' dir='ltr'><strong>vel</strong></span> <span class='ocrx_word' id='word_1_384' title='bbox 1521 2789 1646 2828; x_wconf 66' lang='lat' dir='ltr'><strong>Pasto-</strong></span> 
     </span>
    </p>
   </div>
   <div class='ocr_carea' id='block_1_9' title="bbox 131 2827 1721 2884">
    <p class='ocr_par' dir='ltr' id='par_1_11' title="bbox 131 2827 1721 2884">
     <span class='ocr_line' id='line_1_41' title="bbox 131 2827 1721 2884; baseline 0.003 -17"><span class='ocrx_word' id='word_1_385' title='bbox 131 2827 226 2869; x_wconf 86' lang='lat' dir='ltr'><strong>Cum</strong></span> <span class='ocrx_word' id='word_1_386' title='bbox 246 2828 428 2878; x_wconf 67' lang='lat' dir='ltr'><strong>baptismi</strong></span> <span class='ocrx_word' id='word_1_387' title='bbox 455 2833 639 2881; x_wconf 82' lang='lat' dir='ltr'><strong>doctrina,</strong></span> <span class='ocrx_word' id='word_1_388' title='bbox 660 2840 842 2883; x_wconf 81' lang='lat' dir='ltr'><strong>tanquam</strong></span> <span class='ocrx_word' id='word_1_389' title='bbox 882 2848 954 2882; x_wconf 86' lang='lat' dir='ltr'><strong>res,</strong></span> <span class='ocrx_word' id='word_1_390' title='bbox 976 2837 1039 2884; x_wconf 91' lang='lat' dir='ltr'><strong>qui</strong></span> <span class='ocrx_word' id='word_1_391' title='bbox 1061 2841 1227 2883; x_wconf 88' lang='lat' dir='ltr'><strong>tempore</strong></span> <span class='ocrx_word' id='word_1_392' title='bbox 1247 2847 1353 2874; x_wconf 85' lang='lat' dir='ltr'><strong>sacro</strong></span> <span class='ocrx_word' id='word_1_393' title='bbox 1373 2837 1562 2875; x_wconf 80' lang='lat' dir='ltr'><strong>Adventus</strong></span> <span class='ocrx_word' id='word_1_394' title='bbox 1581 2835 1645 2878; x_wconf 78' lang='lat' dir='ltr'><strong>fu-</strong></span> <span class='ocrx_word' id='word_1_395' title='bbox 1715 2837 1721 2841; x_wconf 87' lang='lat'>&#39;</span> 
     </span>
    </p>
   </div>
   <div class='ocr_carea' id='block_1_10' title="bbox 81 2875 1646 3027">
    <p class='ocr_par' dir='ltr' id='par_1_12' title="bbox 81 2875 1646 3027">
     <span class='ocr_line' id='line_1_42' title="bbox 82 2875 1646 2932; baseline 0.008 -21"><span class='ocrx_word' id='word_1_396' title='bbox 82 2875 248 2930; x_wconf 68' lang='lat' dir='ltr'><strong>maxime</strong></span> <span class='ocrx_word' id='word_1_397' title='bbox 265 2879 490 2932; x_wconf 67' lang='lat' dir='ltr'><strong>necessarie,</strong></span> <span class='ocrx_word' id='word_1_398' title='bbox 519 2892 658 2931; x_wconf 80' lang='lat' dir='ltr'><strong>saepea</strong></span> <span class='ocrx_word' id='word_1_399' title='bbox 678 2883 841 2921; x_wconf 83' lang='lat' dir='ltr'><strong>Pastori·</strong></span> <span class='ocrx_word' id='word_1_400' title='bbox 881 2885 958 2920; x_wconf 85' lang='lat' dir='ltr'><strong>sius</strong></span> <span class='ocrx_word' id='word_1_401' title='bbox 999 2885 1080 2921; x_wconf 86' lang='lat' dir='ltr'><strong>haec</strong></span> <span class='ocrx_word' id='word_1_402' title='bbox 1118 2888 1279 2920; x_wconf 85' lang='lat' dir='ltr'><strong>tractare</strong></span> <span class='ocrx_word' id='word_1_403' title='bbox 1322 2884 1561 2930; x_wconf 83' lang='lat' dir='ltr'><strong>resolverint,</strong></span> <span class='ocrx_word' id='word_1_404' title='bbox 1596 2882 1646 2924; x_wconf 69' lang='lat' dir='ltr'><strong>od</strong></span> 
     </span>
     <span class='ocr_line' id='line_1_43' title="bbox 82 2920 1644 2977; baseline 0.003 -12"><span class='ocrx_word' id='word_1_405' title='bbox 82 2920 154 2977; x_wconf 61' lang='lat' dir='ltr'><strong>bjls</strong></span> <span class='ocrx_word' id='word_1_406' title='bbox 189 2922 292 2970; x_wconf 77' lang='lat' dir='ltr'><strong>plebt</strong></span> <span class='ocrx_word' id='word_1_407' title='bbox 324 2929 371 2963; x_wconf 76' lang='lat' dir='ltr'><strong>stt</strong></span> <span class='ocrx_word' id='word_1_408' title='bbox 400 2930 615 2977; x_wconf 83' lang='lat' dir='ltr'><strong>repetenda,</strong></span> <span class='ocrx_word' id='word_1_409' title='bbox 641 2931 703 2968; x_wconf 88' lang='lat' dir='ltr'><strong>hic</strong></span> <span class='ocrx_word' id='word_1_410' title='bbox 728 2942 841 2969; x_wconf 85' lang='lat' dir='ltr'><strong>occa·</strong></span> <span class='ocrx_word' id='word_1_411' title='bbox 880 2933 1096 2969; x_wconf 84' lang='lat' dir='ltr'><strong>Tractatum</strong></span> <span class='ocrx_word' id='word_1_412' title='bbox 1128 2931 1283 2968; x_wconf 88' lang='lat' dir='ltr'><strong>citatum</strong></span> <span class='ocrx_word' id='word_1_413' title='bbox 1315 2932 1568 2976; x_wconf 87' lang='lat' dir='ltr'><strong>remittimus;</strong></span> <span class='ocrx_word' id='word_1_414' title='bbox 1597 2942 1644 2969; x_wconf 80' lang='lat' dir='ltr'><strong>ex</strong></span> 
     </span>
     <span class='ocr_line' id='line_1_44' title="bbox 81 2977 1644 3027; baseline 0.006 -20"><span class='ocrx_word' id='word_1_415' title='bbox 81 2979 230 3009; x_wconf 81' lang='lat' dir='ltr'><strong>sionem</strong></span> <span class='ocrx_word' id='word_1_416' title='bbox 261 2977 411 3010; x_wconf 87' lang='lat' dir='ltr'><strong>sument</strong></span> <span class='ocrx_word' id='word_1_417' title='bbox 449 2984 495 3012; x_wconf 86' lang='lat' dir='ltr'><strong>ex</strong></span> <span class='ocrx_word' id='word_1_418' title='bbox 525 2977 648 3014; x_wconf 83' lang='lat' dir='ltr'><strong>verbis</strong></span> <span class='ocrx_word' id='word_1_419' title='bbox 683 2979 841 3016; x_wconf 73' lang='lat' dir='ltr'><strong>loannis</strong></span> <span class='ocrx_word' id='word_1_420' title='bbox 880 2990 954 3026; x_wconf 90' lang='lat' dir='ltr'><strong>quo</strong></span> <span class='ocrx_word' id='word_1_421' title='bbox 992 2979 1133 3015; x_wconf 84' lang='lat' dir='ltr'><strong>multas</strong></span> <span class='ocrx_word' id='word_1_422' title='bbox 1173 2979 1285 3016; x_wconf 86' lang='lat' dir='ltr'><strong>utiles</strong></span> <span class='ocrx_word' id='word_1_423' title='bbox 1333 2979 1497 3018; x_wconf 82' lang='lat' dir='ltr'><strong>formare</strong></span> <span class='ocrx_word' id='word_1_424' title='bbox 1534 2983 1644 3027; x_wconf 86' lang='lat' dir='ltr'><strong>pote-</strong></span> 
     </span>
    </p>
   </div>
  </div>
 </body>
</html>
