1858 3184
182 221 392 276 pourquoi
408 221 460 263 ils
478 221 537 264 105
561 224 711 275 posent
741 232 842 262 avec
871 233 1027 275 pompe
1043 220 1099 262 'et
1129 220 1352 262 solennite.
1382 220 1506 261 Ainsi
1539 221 1754 274 grava-bil

182 299 254 327 sur
272 287 311 328 le
331 287 481 337 Christ,
503 285 709 339 premiere
727 286 865 339 pierre
884 286 937 327 de
956 285 1143 338 l’Eglise,
1164 298 1228 327 ses
1248 286 1436 337 insignes
1469 289 1512 326 et
1531 298 1747 339 marques,

183 351 327 404 quand
346 351 377 392 il
395 351 543 394 voulut
561 362 643 404 que
662 350 767 391 dans
785 363 832 391 sa
851 351 1018 404 passion
1040 353 1079 391 le
1099 353 1290 392 Sauveur
1310 351 1376 390 fut
1396 353 1574 404 marque
1607 351 1658 392 de
1686 364 1752 393 ses

181 416 330 469 plaies,
351 416 540 469 insignes
557 418 601 456 et
619 428 815 469 marques
834 416 998 457 futures
1029 418 1081 458 de
1111 429 1188 456 son
1222 418 1369 468 regne.
1391 417 1469 456 Ges
1487 416 1619 469 plaies
1639 420 1748 467 sont,

182 493 291 533 pour
308 493 414 522 ceux
433 479 583 533 (101105
603 479 807 530 donnent,
845 480 916 521 des
947 484 1068 521 notes
1088 480 1366 532 d'ignominie
1399 484 1442 520 et
1473 480 1524 520 de
1555 479 1751 521 douleur.

182 545 300 596 Mais,
322 546 378 586 du
398 547 488 586 0010
508 545 564 585 (10
585 547 689 586 Pere
714 546 887 595 eternel,
921 559 966 586 ce
998 549 1096 586 sont
1121 546 1194 586 des
1216 546 1413 586 eiselures
1444 545 1679 598 [ιι-00100505
1708 549 1753 586 01

181 610 310 651 belles
327 622 435 664 pour
455 614 578 651 notre
608 611 747 664 pierre
777 612 988 664 mystique
1022 624 1093 651 sur
1124 611 1306 664 laquelle
1339 610 1511 662 l'Eglise
1543 602 1631 650 doit
1662 611 1752 651 etre

180 675 343 716 edifiee.
365 677 420 717 Ge
441 678 536 716 sont
555 676 606 716 de
626 676 757 717 belles
789 689 986 730 marques
1017 677 1068 716 de
1101 689 1147 716 sa
1177 676 1336 716 charite
1370 681 1413 716 et
1444 676 1496 716 de
1527 687 1602 715 son
1635 675 1753 716 divin

179 751 328 780 amour
346 752 454 792 pour
473 753 593 791 0005,
618 742 669 782 (10
687 745 810 782 notre
830 742 1110 794 redemption,
1145 741 1261 782 selon
1293 754 1374 794 que
1407 741 1445 781 le
1478 744 1753 793 remarquent

180 803 241 845 les
258 805 388 845 saints
408 806 545 856 peres,
569 809 612 846 et
631 819 682 847 en
702 808 945 859 particulier
965 808 1076 847 saint
1093 808 1114 848 J
1121 808 1277 847 creme.
1313 807 1435 848 Voila
1468 806 1679 858 pourquoi
1711 805 1750 846 le

179 871 294 910 texte
314 872 428 910 sacre
448 871 590 924 ajoute
613 884 622 911 :
650 886 669 910 «
688 872 922 913 J'effacerai
943 885 1001 912 un
1019 865 1119 925 jour
1139 872 1347 925 l’iniquite
1368 872 1420 912 de
1440 875 1547 912 cette
1568 874 1679 911 terre
1692 883 1704 919 ;
1731 886 1751 908 ι

145 967 148 970 .
177 934 277 975 0’051
295 948 419 988 parce
437 949 534 988 que,
556 949 657 978 avec
675 937 714 978 le
734 938 828 990 prix
847 938 986 978 donne
1007 943 1050 978 et
1080 941 1188 991 paye
1219 950 1296 991 par
1326 950 1389 977 ses
1420 937 1641 986 blessures,
1662 936 1693 976 il
1726 949 1751 977 0

176 1000 357 1041 satisfait
375 1002 681 1043 suffisamment
700 1015 807 1055 pour
827 1003 867 1043 la
887 1009 997 1044 terre
1017 1004 1068 1044 de
1087 1004 1109 1044 J
1117 1004 1221 1044 udee
1242 1007 1284 1043 et
1305 1016 1411 1056 pour
1426 1005 1517 1042 tout
1537 1002 1748 1042 l'univers.

177 1065 285 1106 C'est
303 1066 408 1107 donc
427 1079 520 1107 vers
539 1071 646 1109 cette
666 1069 803 1121 pierre
823 1081 903 1122 que
925 1081 1030 1109 nous
1049 1069 1186 1109 crions
1208 1082 1217 1109 :
1245 1086 1263 1105 «
1286 1071 1318 1109 Ο
1342 1069 1479 1121 pierre
1510 1067 1748 1119 angulati-e,

177 1130 251 1182 qui
268 1132 479 1173 renuissez
499 1145 551 1174 en
572 1146 676 1174 vous
694 1134 753 1175 les
772 1129 1075 1175 deux'chosesl

230 1195 348 1244 Mais,
372 1197 403 1237 il
422 1197 546 1250 s’agit
565 1199 615 1239 de
634 1199 726 1239 voir
746 1200 1014 1240 maintenant
1044 1200 1252 1252 pourquoi
1283 1199 1312 1239 11
1343 1204 1405 1239 051
1436 1198 1583 1251 appele
1611 1197 1751 1250 pierre

177 1261 416 1314 angulaire,
439 1268 480 1303 et
499 1269 708 1305 comment
728 1265 757 1304 il
777 1265 914 1304 reunit
943 1265 1001 1304 les
1022 1265 1131 1305 deux
1153 1265 1312 1305 choses.

233 1327 275 1366 1⁰
296 1326 404 1367 C'est
421 1339 546 1380 parce
566 1341 646 1382 que
667 1342 721 1369 en
740 1330 1018 1371 ,Iesus-Christ
1036 1332 1131 1369 sont
1148 1330 1268 1369 unies
1291 1330 1350 1369 les
1370 1329 1481 1369 deux
1501 1331 1687 1376 natures,
1709 1327 1751 1368 10

176 1394 328 1432 nature
342 1391 544 1434 humaine
558 1399 599 1434 et
613 1394 653 1434 la
668 1398 818 1435 nature
833 1395 990 1444 divine,
1007 1408 1058 1435 en
1074 1407 1157 1435 une
1172 1395 1285 1434 seule
1300 1406 1521 1447 personne.
1538 1395 1596 1433 De
1611 1395 1750 1434 meme

177 1455 283 1496 done
314 1470 396 1510 que
426 1458 468 1498 10
496 1458 634 1511 pierre
664 1459 899 1511 angulaire,
924 1460 996 1512 qui
1028 1464 1209 1508 estune,
1228 1460 1369 1499 reunit
1388 1459 1500 1498 deux
1519 1470 1661 1506 murs;
1697 1457 1749 1498 de

176 1523 314 1561 meme
344 1521 386 1561 la
415 1534 618 1575 personne
639 1523 695 1563 du
714 1524 868 1574 Christ,
890 1537 943 1564 en
974 1525 1223 1564 demeurant
1252 1537 1351 1574 une,
1374 1524 1515 1564 reunit
1547 1523 1607 1563 les
1638 1522 1750 1563 deux

175 1587 348 1626 natures
369 1587 473 1627 dans
493 1587 640 1628 l'unite
661 1588 731 1628 des
751 1590 936 1642 suppotS.
958 1591 1014 1630 Le
1028 1592 1160 1642 regne
1175 1595 1217 1630 et
1243 1590 1282 1630 le
1305 1590 1523 1629 sacerdoce
1543 1591 1636 1628 sont
1655 1588 1751 1628 nnis

174 1650 417 1702 egelement
434 1652 538 1692 dans
558 1665 638 1693 une
658 1654 795 1694 meme
814 1667 1038 1706 personne,
1061 1655 1259 1708 puisqu’il
1279 1659 1340 1695 est
1361 1655 1438 1695 Roi
1455 1658 1497 1695 et
1517 1655 1676 1695 Pretre.

230 1715 311 1755 Par
352 1720 525 1770 rapport
554 1719 579 1758 a
610 1723 717 1759 cette
750 1720 881 1760 union
922 1721 1187 1773 personnelle
1228 1721 1300 1760 des
1344 1720 1456 1760 deux
1491 1724 1665 1760 natures
1695 1730 1749 1759 en

174 1780 453 1823 sessus-Christ
471 1783 610 1835 pierre
629 1784 910 1836 angulaire,il
928 1799 1031 1826 nous
1051 1786 1143 1827 faut
1163 1787 1303 1839 parler
1322 1797 1485 1828 comme
1505 1784 1638 1824 David
1659 1784 1747 1836 qui,

736 113 746 129 ³
766 172 768 174 ,
788 142 819 174 0
841 139 922 174 nux
948 143 1153 179 eumen.

175 1950 373 1984 stemmata
398 1948 622 1986 aedificantis
654 1951 785 1987 coelari
816 1951 940 1988 solent

175 1998 211 2030 et
236 1994 416 2042 insculpi,
457 1998 556 2033 unde
583 2008 670 2034 cum
702 1999 940 2036 solemnitate

174 2046 211 2078 et
247 2052 386 2096 pompa
418 2044 464 2079 ab
497 2044 713 2082 architectis
739 2047 779 2083 in
799 2047 938 2083 sunda-

173 2094 314 2126 mentis
334 2090 583 2129 collocantur.
606 2093 667 2130 Sic
686 2093 832 2131 Christo
858 2095 939 2141 pri-

175 2147 237 2175 mo
258 2137 437 2175 Ecclesiae
459 2139 574 2186 lapidi
595 2140 759 2188 insignia
774 2147 810 2178 et
830 2147 940 2178 stem-

176 2188 275 2221 mata
295 2185 509 2233 insculpsit,
538 2190 688 2234 quando
704 2189 742 2226 in
764 2190 939 2235 passione

174 2232 395 2270 vulneribus
427 2234 503 2271 illis
535 2237 657 2272 notari
689 2238 821 2281 voluit,
855 2248 939 2283 quae

174 2284 302 2327 postea
332 2281 457 2318 forent
488 2286 687 2320 stemmata
719 2289 754 2321 et
773 2285 939 2330 insignia

174 2328 282 2374 regni
319 2330 412 2375 ejus.
449 2329 544 2366 Sunt
587 2332 740 2377 quidem
783 2333 939 2369 vulnera

173 2374 252 2429 illa,
293 2386 338 2412 ex
377 2382 481 2423 parte
524 2378 781 2425 infligentium
831 2382 937 2427 quasi

174 2424 396 2469 ignominiae
416 2429 453 2461 et
471 2425 613 2462 doloris
634 2432 732 2464 notae
750 2438 816 2471 ;ex
832 2433 938 2474 parte

173 2474 300 2508 001010
343 2471 461 2508 Ρο11·15
515 2474 662 2518 aeterni,
713 2475 938 2512 ordinantur

178 2521 370 2571 tamquam
391 2522 582 2558 coelaturae
601 2522 775 2568 pretiosae
793 2527 830 2559 et
849 2534 936 2569 spe-

174 2573 286 2603 010501
323 2566 460 2613 lapidis
496 2570 617 2606 nostri
667 2569 830 2616 mystici,
875 2571 936 2607 cui

174 2611 343 2650 Ecclesia
390 2614 500 2651 debet
550 2617 786 2662 inaedificari,
833 2623 937 2655 sunt-

175 2665 365 2714 1100110130
384 2662 548 2699 illustres
568 2665 761 2701 eharitatis
781 2670 816 2702 et
835 2676 937 2703 amo-

175 2716 228 2742 ris
257 2718 315 2762 in·
330 2718 400 2746 nos
448 2710 580 2755 divini,
623 2717 836 2759 nostraeque
874 2724 934 2749 re-

174 2753 418 2807 demptionis,
461 2763 501 2794 01
535 2760 766 2797 sanctissimi
809 2761 935 2798 Patres

173 2801 289 2855 (inter
330 2813 424 2850 quos
466 2811 619 2843 sanctus
670 2807 934 2854 Hieronymus)

173 2852 272 2885 mter
299 2854 477 2888 retantur.
491 2854 722 2901 Quapropter
736 2855 909 2892 subditur
923 2866 930 2891 :

176 2895 389 2951 fAu.‘³¹'³¹¹¹
420 2898 658 2947 iniquitatem
691 2907 797 2940 terrae
828 2903 934 2940 illius

175 2952 214 2982 10
244 2944 305 2980 die
325 2954 421 2989 00ος
441 2961 455 2980 ι
476 2948 578 2995 quia,
598 2954 782 2996 quantum
807 2955 863 2988 est
888 2961 933 2987 cx

980 1957 1083 2035 Barte
1104 1953 1210 1999 pretii
1232 1952 1325 1995 dati,
1346 1957 1381 1988 et
1401 1953 1441 1989 in
1467 1951 1544 1988 illis
1576 1950 1746 1987 vulneri-

1007 2010 1055 2036 05
1087 2000 1259 2044 exhibiti,
1299 2000 1479 2036 satisfecit
1513 1998 1747 2036 sufficienter

981 2058 1045 2093 pro
1081 2051 1178 2084 terra
1209 2048 1364 2091 Judaeae,
1386 2052 1420 2084 et
1441 2058 1508 2093 pro
1539 2051 1615 2083 toto
1640 2046 1744 2083 orbe.

982 2096 1031 2131 Ad
1055 2095 1158 2131 hunc
1177 2106 1265 2139 ergo
1287 2096 1450 2142 lapidem
1479 2094 1747 2138 inclamamus,

983 2159 995 2175 u
1020 2154 1041 2178 0
1066 2143 1172 2189 Lapis
1192 2143 1407 2189 Angelum,
1429 2142 1493 2188 qui
1513 2142 1607 2178 facis
1640 2145 1744 2177 utra-

978 2201 1050 2237 que
1072 2192 1209 2227 unum!
1239 2206 1251 2221 »
1483 2184 1498 2200 ’

1025 2238 1094 2274 Sed
1112 2238 1192 2283 jam
1216 2238 1418 2274 videndum
1448 2247 1515 2273 eur
1546 2235 1746 2282 Angularis

978 2286 1139 2329 dicatur,
1160 2290 1196 2322 et
1224 2286 1413 2332 quomodo
1446 2290 1603 2330 utraque
1634 2283 1747 2331 saciat

979 2343 1111 2370 unum.

1027 2381 1150 2418 Primo
1188 2381 1357 2427 quidem,
1399 2381 1487 2427 quia
1525 2380 1563 2415 in
1597 2377 1745 2416 Christo

977 2428 1260 2475 conjunguntur
1279 2430 1364 2464 duae
1396 2432 1554 2470 naturae,
1578 2426 1745 2463 humana

977 2476 1123 2513 scilicet
1142 2481 1177 2512 et
1198 2477 1340 2519 divina,
1362 2475 1431 2511 sub
1459 2486 1534 2511 una
1566 2484 1741 2520 persona.

980 2524 1083 2560 Unde
1121 2524 1217 2560 sicut
1257 2524 1351 2570 lapis
1396 2522 1604 2569 angularis,
1644 2531 1743 2558 unus

975 2571 1153 2616 existens,
1188 2572 1283 2607 duos
1316 2570 1515 2615 conjungit
1546 2569 1740 2616 parietes;

977 2621 1026 2655 ita
1057 2630 1131 2655 una
1164 2629 1325 2664 persona
1354 2618 1506 2662 Christi,
1539 2627 1742 2654 remanens

976 2677 1065 2710 una,
1087 2667 1180 2702 duas
1199 2670 1352 2702 naturas
1371 2665 1569 2712 conjungit
1589 2665 1630 2702 in
1651 2665 1739 2701 uni-

975 2718 1047 2750 tate
1086 2713 1297 2760 suppositi;
1337 2713 1527 2759 simulque
1564 2712 1739 2749 connecti

975 2771 1132 2805 regnum
1166 2766 1201 2797 et
1239 2760 1496 2797 Sacerdotium
1536 2761 1577 2797 in
1608 2759 1741 2796 caulem

973 2819 1149 2855 persona,
1170 2808 1257 2853 quia
1277 2808 1358 2854 ipse
1375 2808 1453 2845 Rex
1473 2813 1529 2858 est
1548 2812 1584 2844 01
1603 2808 1738 2844 Sacer·

972 2857 1052 2891 dos.

1019 2903 1137 2948 Atque
1157 2902 1198 2938 in
1220 2901 1290 2938 hac
1314 2902 1587 2949 conjunctione
1608 2911 1741 2948 perso-

973 2949 1053 2986 nali
1071 2950 1231 2986 duarum
1264 2954 1485 2987 naturarum
1516 2950 1557 2987 in
1588 2949 1738 2987 Christo
