1858 3184
177 147 258 187 446
601 154 648 183 u:
677 153 882 183 minema
909 153 983 183 nes
1012 144 1328 183 rnemcxruuas.

176 234 230 275 de
250 233 379 274 Mario
397 244 452 273 en
469 225 696 274 enfantant
714 244 771 271 un
793 231 858 271 fils
878 231 928 272 de
947 231 1228 283 benedicum,
1251 235 1404 274 auteur
1433 233 1487 274 de
1517 235 1636 274 toute
1663 232 1751 286 j0ie

178 299 316 353 parmi
335 298 397 338 les
417 299 557 350 Auges
575 301 617 338 et
635 297 694 337 les
714 297 930 337 hommes!
968 299 1176 338 Recourez
1207 298 1316 339 donc
1348 300 1374 339 a
1403 297 1550 348 Mario,
1571 299 1597 338 ὁ
1616 299 1756 340 meres

179 364 253 417 qui
272 364 468 404 enfautez
486 375 588 403 avec
608 363 786 402 douleur
805 367 847 402 et
867 363 988 414 peril,
1009 363 1095 402 alin
1116 375 1198 415 que
1217 367 1336 403 voire
1349 363 1454 403 fruit
1465 363 1606 418 puisse
1624 363 1754 416 parti·

176 430 293 482 ciper
313 430 338 469 ὲ
357 429 398 468 la
417 428 593 468 lumiere
608 428 659 468 de
671 428 736 467 vie
751 431 792 467 et
807 440 882 480 par
898 429 934 467 le
947 428 1148 480 Bapteme
1163 430 1188 468 a
1200 429 1242 469 la
1255 428 1430 469 lumiere
1444 428 1496 469 de
1511 429 1650 480 grace,
1661 429 1748 470 afin

175 505 260 547 que
273 506 378 534 vous
391 493 567 546 puissiez
581 493 791 545 echappcr
804 494 941 533 saines
953 497 994 533 et.
1007 506 1154 533 sauves
1169 506 1220 534 au
1233 494 1339 547 peril
1355 493 1428 546 qui
1442 505 1548 534 vous
1560 505 1749 536 menace.

232 560 364 600 Marie
383 571 486 598 vous
505 558 544 597 le
564 558 784 598 demande.
808 560 886 598 Les
918 558 1046 598 saints
1078 571 1180 599 vous
1212 559 1507 611 l’enseignent.
1528 560 1709 600 Ecoutez
1729 561 1756 600 a

176 636 225 665 ce
243 636 398 676 propos
418 636 476 663 un
498 623 578 663 fait
598 624 872 663 memorable.

231 691 324 730 Une
344 689 501 728 femme
521 689 572 728 de
593 687 807 736 l’Etrurie,
841 689 937 740 dcja
968 691 1232 729 tourmentee
1264 689 1662 730 doulonreusement
1679 689 1754 731 de·

178 754 272 807 puis
292 757 383 806 sept
398 754 518 806 jours
537 753 639 792 dans
659 766 734 792 son
755 755 1059 803 enfantement,
1077 755 1297 807 invoquait
1315 755 1426 795 saint
1445 755 1662 807 Francois.
1677 757 1755 796 Les

178 819 391 859 medecins
410 818 577 857 avaient
596 818 814 870 desespere
835 819 885 858 de
903 832 949 858 sa
970 819 1047 859 vie.
1067 820 1150 860 Son
1170 832 1265 860 voeu
1280 820 1372 871 fait,
1394 821 1473 861 elle
1493 821 1769 878 s’endormit„

178 884 290 923 saint
320 883 518 934 Franeois
537 883 594 922 lui
616 888 796 935 apparat
816 888 857 922 et
878 884 935 923 lui
957 885 1168 926 demanda
1186 885 1221 924 si
1239 886 1320 925 elle
1348 886 1482 925 savait
1512 886 1755 926 l’Antienne

177 947 301 989 Salve
322 942 489 1001 Reqz'ha,
512 947 699 987 destinee
732 950 756 987 a
789 949 990 1000 implerer
1009 950 1046 989 le
1067 962 1233 990 seeours
1264 951 1315 991 de
1347 951 1387 990 la
1419 953 1533 991 mere
1551 951 1603 992 de
1631 951 1752 991 Dieu.

178 1014 297 1054 Gette
317 1014 472 1053 femme
491 1014 650 1065 repond
674 1013 825 1065 qu'elle
847 1014 888 1053 la
907 1015 987 1053 sait
1009 1015 1220 1055 tres-bien.
1242 1018 1301 1056 Le
1332 1015 1440 1056 saint
1470 1015 1533 1055 lui
1563 1016 1755 1056 ordonne

178 1077 251 1118 des
270 1077 354 1116 lors
373 1077 425 1117 de
445 1077 485 1116 la
505 1089 770 1117 commeneer
803 1091 902 1117 avec
933 1079 1061 1130 piem,
1095 1080 1155 1119 lui
1185 1084 1444 1133 promettant
1474 1093 1533 1121 un
1565 1081 1756 1122 heureux

176 1142 471 1183 enfantement
489 1147 530 1181 et
548 1142 589 1181 la
608 1144 742 1182 sante.
777 1144 852 1183 Ces
884 1144 1046 1195 pai-oles
1077 1144 1237 1197 l’ayant
1268 1146 1477 1197 remulce,
1512 1145 1593 1186 elle
1623 1146 1756 1186 recita

175 1207 431 1248 l'Antienue.
454 1207 627 1247 Arrivee
646 1210 669 1246 a
690 1200 757 1248 ees
778 1213 886 1248 mots
910 1221 918 1248 :
943 1224 962 1247 «
984 1213 1025 1249 et
1044 1211 1179 1260 Jews,
1200 1210 1239 1251 le
1260 1211 1364 1251 fruit
1383 1211 1482 1251 beni
1502 1211 1553 1252 de
1572 1224 1647 1251 vos
1674 1223 1754 1252 en·

175 1272 349 1321 trailles,
369 1286 389 1310 »
414 1272 494 1312 elle
514 1272 592 1311 mit
612 1285 665 1312 au
687 1274 838 1314 monde
872 1287 927 1313 un
958 1275 1135 1315 tres—bel
1170 1276 1333 1325 enfant,
1354 1279 1397 1316 et
1416 1277 1482 1316 fut
1501 1276 1684 1317 delivree
1703 1277 1754 1318 de

175 1340 270 1378 tout
288 1337 397 1389 peril
417 1342 458 1377 et
477 1337 529 1377 de
547 1341 665 1378 toute
685 1338 877 1378 douleur.
914 1341 1098 1380 Aussitct
1129 1341 1385 1381 tressaillant
1415 1341 1682 1394 d'allegresse
1712 1346 1756 1382 et

176 1401 326 1442 louant
356 1402 476 1450 Dieu,
509 1402 588 1442 elle
622 1403 762 1443 rendit
795 1406 940 1455 grat-es
961 1407 985 1444 ὲ
1006 1405 1046 1444 la
1066 1407 1180 1446 Mere
1199 1406 1250 1447 de
1269 1407 1389 1456 Dieu,
1413 1407 1558 1456 Made,
1579 1407 1692 1449 Mero
1712 1410 1756 1449 et

176 1467 311 1507 Reine
331 1467 382 1507 de
402 1467 683 1517 misericorde,
706 1469 902 1521 laquelle,
925 1483 996 1510 snr
1016 1471 1318 1512 l’intercession
1337 1473 1388 1513 de
1408 1473 1519 1513 saint
1538 1473 1752 1525 Francois,

176 1530 239 1572 lui
264 1532 379 1571 avait
410 1532 626 1583 temoigne
646 1546 728 1572 une
749 1534 783 1572 si
807 1535 966 1585 grande
987 1536 1112 1576 bonte
1133 1539 1175 1577 et
1191 1536 1252 1595 lui
1271 1538 1386 1578 avait
1417 1538 1571 1578 obtenu
1605 1550 1687 1578 une
1720 1538 1755 1578 si

177 1596 340 1649 grande
360 1596 628 1636 benedietion
649 1597 700 1637 de
719 1611 793 1638 son
816 1600 919 1638 fruit
939 1600 1053 1640 beni.

229 1662 275 1701 2⁰
296 1662 466 1713 Voyons
497 1673 549 1701 en
582 1663 735 1702 second
767 1663 851 1703 lien
882 1665 977 1716 quel
1010 1666 1075 1704 fut
1107 1665 1429 1707 l'enfantement
1447 1667 1498 1708 de
1518 1667 1664 1708 Mario.
1697 1669 1755 1709 Ge

176 1725 286 1767 n’est
316 1726 626 1766 eflectivement
647 1740 719 1779 pas
738 1741 834 1768 sans
855 1731 1037 1780 mystere
1057 1743 1138 1782 que
1159 1730 1268 1771 saint
1288 1733 1373 1772 Luc
1393 1731 1453 1772 dit
1476 1745 1484 1772 :
1513 1746 1534 1772 (ι
1553 1733 1643 1773 Elle
1677 1744 1753 1773 en·

176 1790 297 1833 santa
316 1803 392 1830 son
413 1791 493 1842 fils,
516 1792 792 1843 premier-ne.
817 1809 836 1832 υ

231 1857 283 1896 Et
302 1855 493 1906 d’abord‚
515 1857 543 1896 il
566 1869 620 1896 ne
638 1857 699 1897 dit
719 1870 794 1910 pas
814 1859 1082 1912 simplement
1105 1874 1142 1900 z«
1155 1861 1244 1901 Elle
1264 1861 1439 1902 enfanta
1458 1875 1516 1902 un
1535 1863 1753 1913 fils,»mais

180 2010 214 2048 si
241 2019 322 2046 non
354 2010 530 2047 meminit
557 2012 631 2048 Eva
662 2023 861 2058 pressurae,
883 2014 946 2050 sed

205 2057 318 2094 audet
339 2058 424 2104 quia
441 2063 551 2095 natus
566 2065 619 2095 est
634 2059 760 2096 infans
781 2062 818 2097 in
843 2072 947 2098 mun-

180 2069 272 2142 guin
305 2105 436 2150 (cheul
474 2106 664 2143 nesciebat
694 2109 947 2146 maledictioni

178 2152 261 2190 fore
281 2152 488 2190 obnoxium
510 2159 545 2190 ct
566 2155 811 2200 fratricidam)
826 2168 947 2203 quan-

181 2203 264 2237 tum
295 2201 474 2246 gaudium
507 2201 634 2239 Mariae
663 2203 745 2241 sine
778 2215 949 2251 pressura

180 2247 292 2286 edere
314 2248 433 2284 tilium
457 2248 732 2287 benedictionis
757 2258 792 2287 et
823 2253 948 2299 gaudii

180 2305 308 2333 omnis
330 2296 368 2332 in
390 2297 539 2339 Angelis
555 2302 591 2333 et
613 2298 834 2336 bominibus
857 2310 949 2336 auc-

181 2344 330 2380 torem?
350 2343 402 2379 Ad
426 2341 579 2381 Mariam
611 2346 721 2390 igitur
755 2349 948 2390 recurrite,

181 2400 204 2427 o
225 2394 364 2427 matres
378 2401 466 2428 cum
487 2392 616 2428 dolere
636 2398 672 2429 et
693 2396 860 2440 periculo
883 2406 947 2441 pa-

179 2437 337 2482 rientes,
355 2442 394 2475 ut
415 2443 543 2485 partus
564 2446 683 2477 vester
704 2442 826 2479 lucem
851 2444 947 2486 vllffl,

181 2495 226 2522 ac
246 2495 312 2531 per
333 2485 563 2533 Baptismum
586 2488 707 2525 luccxn
735 2491 862 2536 gratian
885 2501 946 2526 va-

182 2531 256 2569 teat
277 2533 523 2580 participium
554 2539 593 2571 ut
623 2541 657 2572 et
688 2547 750 2573 vos
783 2538 948 2583 periculo

180 2579 337 2616 valeatis
380 2582 495 2618 eximi
539 2593 626 2620 cum
675 2584 946 2622 incolumitate.

183 2627 262 2664 {loc
281 2639 302 2663 a
324 2628 428 2665 vobis
448 2630 567 2684 poscit
594 2630 688 2678 ipsu,
712 2632 782 2669 boc
813 2638 848 2669 et
879 2633 947 2668 do-

181 2679 343 2711 cuerunt
395 2676 462 2713 viri
509 2679 642 2715 sancti.
696 2680 827 2717 Audite
880 2680 948 2717 buc

181 2721 229 2758 de
251 2731 289 2759 re
311 2722 504 2761 historiam
527 2726 825 2765 memorabilem.

991 2013 1112 2058 miret,
1134 2020 1287 2062 apparet
1306 2017 1339 2053 ci
1364 2017 1601 2062 Franciscus,
1621 2021 1658 2055 et
1687 2018 1753 2055 in-

989 2066 1223 2106 tei-rognum
1251 2065 1441 2101 canticum
1467 2080 1480 2098 «
1510 2065 1617 2101 Salve
1640 2064 1753 2112 Regi-

990 2120 1036 2145 na
1058 2125 1070 2143 »
1099 2111 1257 2155 noverit,
1278 2112 1324 2147 ad
1351 2112 1632 2159 implorandum
1663 2112 1751 2149 Dei-

989 2167 1087 2204 parae
1115 2158 1330 2195 auxilium?
1367 2159 1579 2206 Respondet
1616 2158 1682 2196 itta
1714 2170 1754 2196 se

988 2205 1176 2241 canticum
1205 2205 1302 2242 istud
1334 2206 1445 2252 plene
1478 2217 1601 2243 nosse.
1643 2206 1753 2244 Jubet

990 2253 1101 2296 iggitur
1122 2253 1201 2300 ipse
1221 2258 1259 2289 ut
1279 2263 1366 2290 cum
1388 2254 1525 2301 pietate
1541 2254 1634 2290 ittud
1649 2264 1754 2292 exor-

988 2301 1124 2343 diatur.
1146 2300 1293 2337 felicem
1315 2301 1506 2347 spondens
1533 2306 1695 2348 partum,
1717 2307 1753 2339 et

990 2347 1301 2385 incolumitatem.
1343 2348 1411 2384 lita
1449 2354 1665 2395 experrecta
1706 2351 1753 2387 ad

991 2396 1088 2432 hanc
1120 2405 1247 2433 vocem
1281 2397 1500 2442 pronuntiat
1531 2396 1750 2442 canticum;

988 2447 1021 2480 et
1044 2454 1130 2480 mox
1151 2442 1214 2480 ubi
1233 2443 1279 2479 ad
1300 2442 1364 2479 illa
1397 2443 1508 2480 verba
1547 2444 1715 2491 pervenit
1741 2456 1750 2482 :

992 2506 1005 2523 ι
1050 2491 1091 2527 Et
1128 2491 1254 2527 lesuin
1302 2489 1541 2528 benedictum
1588 2492 1751 2530 fructum

990 2538 1127 2575 ventris
1146 2538 1214 2582 tui,
1226 2552 1239 2570 a
1255 2537 1374 2574 tilium
1391 2538 1646 2585 pulchretluin
1660 2540 1751 2586 edit,

988 2586 1092 2623 omni
1115 2585 1268 2622 liberata
1289 2586 1457 2633 periculo
1478 2591 1514 2623 et
1533 2586 1675 2624 dolore.

1038 2633 1209 2670 Protinus
1228 2632 1401 2670 exultans
1422 2639 1452 2670 et
1479 2634 1637 2671 laudans
1662 2644 1750 2689 gra-

989 2681 1058 2717 tias
1089 2681 1165 2728 agit
1197 2680 1363 2727 Dciparxe
1396 2681 1535 2726 Marito.
1570 2682 1679 2720 Matri
1716 2686 1752 2719 et

989 2728 1139 2774 aegium
1160 2727 1438 2773 Misericordim,
1460 2740 1543 2777 qum
1575 2729 1750 2768 Franois-

229 2769 389 2807 Sanctus
412 2772 632 2810 Franciscus
649 2774 890 2812 invocabatur
909 2775 948 2811 in
967 2781 1031 2823 Ιοο
1056 2775 1328 2812 interveniente
1349 2781 1490 2814 unitam
1520 2787 1607 2824 erga
1626 2788 1666 2814 se
1684 2788 1748 2815 os-

182 2821 290 2899 Rurtu
311 2829 333 2853 a
353 2819 513 2872 quadam
536 2821 694 2859 muliere
713 2822 759 2860 de
781 2823 948 2870 partibus
989 2822 1155 2859 tenderat
1184 2822 1375 2870 pietatem,
1398 2829 1615 2872 tantamque
1640 2824 1750 2862 bene·

214 2865 345 2902 retinis
361 2877 439 2912 Jarn
463 2878 528 2914 per
548 2868 628 2905 dies
648 2874 790 2917 septem
811 2871 947 2917 gravis·
986 2869 1189 2907 dictionem
1217 2881 1282 2918 per
1315 2871 1554 2911 benedictum
1584 2872 1750 2911 fructum

182 2909 279 2949 time
309 2914 488 2959 cruciata.
518 2916 804 2963 desperantibus
835 2918 946 2955 etiam
986 2926 1109 2955 tuum.

182 2955 230 2995 de
247 2967 293 2997 ea
312 2961 469 3001 medicis
491 2962 581 3002 Veto
594 2963 692 3004 tacto
706 2965 797 3004 dum
816 2965 948 3005 obdor-

1031 2964 1219 3012 Sccundo,
1241 2965 1433 3006 videamus
1460 2967 1559 3016 quis,
1580 2966 1750 3017 qualisve
