1858 3184
1642 147 1693 186 37

125 242 215 284 md
236 245 380 295 portet·
398 241 502 282 dans
518 251 595 280 son
614 238 706 280 sein
724 241 767 278 et
786 236 998 285 enfanter,
1020 235 1222 276 secondee
1235 246 1333 275 sans
1351 234 1694 287 concupiscence,

125 307 316 348 enceinte
335 318 432 347 sans
446 306 689 358 pemnteuv,
711 304 826 343 mere
855 314 952 342 sans
972 301 1164 341 douleur.
1188 300 1314 341 Selon
1345 299 1699 351 l’enseignement

120 385 320 413 commun
351 371 423 411 des
455 370 701 422 ascetiques,
723 371 746 408 εὶ
777 367 1046 420 l’apparilion
1079 367 1131 406 de
1163 364 1306 418 range
1336 364 1519 411 Gabriel.
1542 364 1622 404 elle
1653 375 1698 405 se

122 437 309 478 trouvait
329 436 435 477 dans
465 447 521 475 un
555 435 707 474 ardent
725 433 836 473 desir
855 433 906 472 de
929 433 1212 472 l'avenement.
1231 431 1282 470 de
1302 430 1418 471 Celui
1452 429 1526 482 qui
1557 429 1698 470 devait

120 502 307 544 combler
325 503 420 541 tous
446 501 506 541 les
524 512 665 540 voeux.
686 498 887 540 lustru-ite
907 498 1032 537 d'une
1067 497 1243 536 lumiere
1274 495 1367 548 plus
1397 494 1595 535 brillante
1614 506 1698 547 qne

121 567 182 608 les
202 566 446 620 Prophetes,
467 565 563 618 plus
595 564 860 605 ardemment
893 564 1080 602 {limante
1106 561 1277 614 qu’eux,
1298 560 1377 600 elle
1409 559 1585 613 pressuit
1604 561 1630 599 ὲ
1648 571 1697 600 ce

121 634 311 674 moment
330 631 369 672 le
389 630 615 683 seigneur,
631 629 714 670 afin
738 628 841 682 qt't'il
863 628 919 668 lui
943 628 1007 667 fut
1025 628 1166 667 donne
1186 626 1237 665 de
1252 626 1343 666 voir
1356 637 1402 666 ee
1422 625 1599 678 prodige
1614 636 1698 678 que

121 696 225 738 Dieu
246 696 386 736 devait
405 695 634 747 accomplir
662 707 733 734 sur
766 695 805 734 la
838 698 963 733 terre.
990 694 1045 733 La
1065 691 1296 745 prediction
1318 691 1465 731 d'lse'ie
1491 690 1550 730 lui
1580 690 1698 731 avait

83 753 90 762 ¹
119 761 197 802 fait
227 762 443 801 conuaitre
474 760 577 813 qu’il
607 759 931 812 s'aceompliruit
962 758 1064 798 datis
1096 757 1133 797 le
1163 757 1254 797 sein
1288 756 1415 796 d'une
1449 756 1619 808 Vierge‚
1652 759 1696 797 et

119 826 322 880 ignorant
353 826 392 866 le
426 830 638 866 comment
667 829 710 865 et
740 825 783 865 la
815 835 1038 876 personne,
1060 823 1140 862 elle
1172 821 1402 862 souhaitait
1433 821 1486 861 de
1517 820 1696 872 pouvoir

118 891 236 932 enfin
257 890 516 944 contempler
535 894 642 931 cette
662 890 822 942 vierge,
845 890 895 930 «le
927 889 1104 941 pouvoir
1125 888 1166 928 la
1192 887 1340 936 servir,
1362 887 1413 927 de
1444 886 1622 939 p·›uvoir
1637 898 1694 926 au

119 957 258 998 moins
289 956 428 997 baiser
457 968 558 997 avec
589 956 798 997 tendresse
819 956 860 995 la
883 959 995 995 truce
1015 954 1066 994 de
1085 966 1149 993 ses
1170 966 1257 1005 pas.
1281 955 1351 1001 Or,
1373 952 1563 1005 pendant
1594 963 1693 1005 que,

119 1022 225 1063 dans
245 1025 353 1062 cette
372 1021 622 1062 meditation
654 1022 804 1069 sainte,
829 1021 867 1060 le
900 1021 969 1060 feu
1003 1021 1054 1059 «le
1088 1019 1267 1059 l’umour
1297 1017 1559 1058 s’embrasait
1590 1017 1695 1058 dans

116 1099 195 1128 son
214 1099 344 1137 coeur,
367 1087 507 1138 l'ange
526 1086 587 1127 lui
619 1091 815 1139 apperut,
838 1085 897 1125 lui
931 1088 1148 1125 montrant
1181 1084 1219 1124 le
1253 1083 1376 1141 mode
1407 1083 1462 1123 du
1495 1084 1694 1136 mystere‚

117 1152 177 1193 lui
196 1155 433 1206 apprenant
452 1151 555 1205 qu’il
576 1151 899 1203 s'accompiirait
917 1163 970 1190 en
991 1149 1071 1190 elle
1102 1152 1144 1190 et
1176 1161 1252 1202 par
1270 1149 1366 1200 elle,
1387 1152 1430 1189 et
1448 1148 1507 1188 lui
1527 1160 1694 1189 annon-

116 1222 216 1271 cant
236 1217 361 1258 d'une
393 1218 581 1258 maniere
613 1217 799 1258 certniue
832 1216 983 1269 qu'elle
1017 1215 1130 1255 avait
1161 1216 1226 1254 ete
1261 1214 1354 1254 elue
1386 1226 1493 1266 pour
1523 1213 1612 1254 cela
1643 1213 1696 1255 de

117 1287 234 1324 toute
267 1283 462 1324 eternite.
490 1284 557 1332 Et,
591 1282 734 1335 quan-l
765 1281 845 1321 elle
878 1285 950 1320 eut
979 1281 1120 1320 tlonue
1153 1292 1229 1319 son
1258 1282 1591 1326 consentemont,
1612 1278 1694 1320 oht

119 1348 217 1402 quel
241 1349 337 1389 seul
373 1360 472 1388 avec
511 1347 650 1400 quelle
690 1347 844 1387 ardem-
884 1359 980 1386 suns
1021 1345 1194 1397 pureille
1235 1347 1278 1385 et
1317 1344 1630 1396 incomparable
1662 1343 1695 1385 il

117 1413 294 1454 s’accrut
312 1418 355 1454 et
372 1412 657 1453 s'enssammal
680 1413 712 1453 ll
741 1412 886 1452 devint
918 1411 1148 1451 necessaire
1168 1421 1251 1462 que
1273 1409 1597 1462 l‘Esprit-Saint,
1619 1409 1694 1462 qui

118 1478 262 1519 l'avait
281 1478 451 1528 allume‚
485 1490 539 1518 en
570 1477 779 1517 diminuet
811 1476 1092 1516 les-ardeurs.
1125 1475 1246 1515 Aussi
1277 1474 1419 1526 l’ange
1450 1474 1509 1514 lui
1541 1474 1692 1515 dit-il:

121 1557 143 1582 «
163 1543 491 1595 L’Esprit-Saint
508 1542 738 1582 deseendra
756 1554 808 1582 en
831 1554 950 1586 vous,
973 1546 1015 1581 et
1042 1541 1082 1580 la
1102 1546 1223 1580 vertu
1252 1540 1308 1579 du
1339 1541 1571 1580 Tres-Haut
1590 1552 1694 1580 vous

114 1608 309 1649 couvrira
327 1609 379 1648 de
397 1621 472 1648 son
493 1607 653 1648 ombre.
674 1623 693 1644 n
718 1606 975 1647 C'est-a-dire
999 1618 1008 1645 ε
1032 1605 1352 1659 l’Esprit·Saint,
1370 1605 1443 1657 qui
1461 1609 1522 1645 est
1541 1618 1599 1644 un
1621 1605 1692 1646 feu

114 1676 507 1725 consumantsvous
528 1672 730 1726 remplira
751 1673 878 1712 d'une
911 1671 1201 1712 merveilleuse
1232 1671 1386 1711 ardeur
1415 1671 1608 1710 d’amour
1627 1670 1692 1710 di-

116 1739 202 1779 vin.
225 1740 285 1780 La
315 1743 466 1779 nature
499 1751 552 1779 ne
583 1738 775 1791 pourrait
807 1738 845 1777 le
876 1741 1113 1790 supporter,
1142 1737 1172 1776 il
1202 1749 1306 1776 vous
1337 1736 1620 1776 consumet-ait
1649 1739 1693 1777 et

116 1816 220 1845 vous
239 1804 363 1845 fet-ait
386 1804 562 1844 mourir.
584 1804 703 1853 Mais,
726 1804 755 1843 il
775 1816 877 1843 vous
896 1803 1088 1843 fournirn
1109 1814 1161 1842 en
1183 1803 1320 1842 meme
1348 1805 1484 1854 temps
1515 1801 1693 1842 l'ombre

811 149 1004 190 L’Avssur.

115 1970 237 2015 batur,
258 1975 294 2007 et
324 1970 512 2008 clamabat
541 1970 588 2007 ad
623 1970 741 2007 Deum
774 1970 880 2016 quasi
898 1971 905 2014 1
922 1969 1105 2015 impressa
1123 1970 1204 2014 ejus
1225 1969 1379 2013 vestigia
1399 1979 1508 2015 posse
1527 1978 1691 2006 exoscu-

113 2018 328 2066 parturiens
361 2018 573 2056 masculum
612 2018 736 2062 illum,
769 2028 881 2064 quem
922 2017 1003 2053 luri.
1027 2019 1118 2053 Cum
1142 2018 1287 2053 veroin
1317 2016 1434 2053 simili
1467 2026 1573 2053 sacra
1607 2027 1689 2054 me-

112 2070 243 2113 postea
273 2065 434 2103 debebat
465 2066 504 2103 in
537 2070 641 2102 utero
671 2070 816 2112 gestare
847 2070 881 2101 et
921 2065 1105 2100 (litatione
1131 2064 1389 2101 exardesceret
1416 2064 1515 2110 ignis
1550 2064 1692 2101 amoris

113 2124 261 2160 parere,
294 2114 470 2164 faecundjt
503 2114 586 2150 sine
624 2114 880 2160 corruptione,

113 2162 266 2208 gravida
303 2162 386 2198 sine
422 2161 659 2208 gravamine,
699 2172 880 2208 puerpera

111 2209 198 2246 sine
229 2209 372 2246 dolore.
393 2209 500 2246 Certe
532 2219 620 2246 cum
647 2210 822 2256 apparuit
849 2209 882 2244 ei

115 2256 266 2294 Gabriel
295 2257 472 2304 Angelus,
494 2257 610 2293 fuisse
638 2267 720 2293 eain
755 2257 794 2293 in
814 2257 882 2292 dc-

113 2304 264 2341 sideriis
283 2305 570 2341 ferventissimis
582 2305 766 2341 adventus
780 2304 884 2340 illius

114 2352 180 2398 qui
198 2353 373 2389 omnium
391 2352 578 2389 desideria
596 2352 754 2389 debebat
775 2363 880 2389 com-

115 2399 234 2446 plere,
256 2400 407 2438 tradunt
426 2400 679 2437 communitor
709 2401 883 2436 Doctores

111 2448 412 2496 contemplativi.
437 2447 581 2494 Nempe
601 2448 751 2484 clariori
774 2449 884 2484 lumi-

115 2505 165 2532 ne
181 2506 261 2542 prae
282 2495 478 2543 Prophetis
494 2496 640 2538 edocta,
654 2500 690 2531 et
711 2506 788 2543 prae
808 2496 883 2531 illis

113 2542 320 2580 ardentiori
357 2553 486 2580 amore
520 2546 695 2590 flagrem,
729 2543 881 2588 urgebat

115 2594 208 2628 tunc
243 2591 344 2637 apud
383 2590 602 2635 Dominum,
643 2595 682 2627 ut
721 2591 883 2637 propriis

116 2638 238 2675 oculis
256 2638 383 2675 videre
398 2643 523 2685 posset
540 2638 635 2674 istud
655 2639 882 2685 prodigium,

117 2686 216 2731 quod
244 2690 324 2723 erat
357 2686 540 2723 Dominus
573 2686 738 2722 facturus
771 2697 884 2732 super

119 2735 270 2770 terram.
310 2733 494 2770 Praeterea
530 2744 618 2771 cum
656 2739 797 2777 nosset,
821 2745 884 2779 per

123 2779 227 2817 tsaiae
268 2781 479 2826 oraculum,
518 2782 558 2818 in
593 2781 745 2826 Virgine
785 2782 881 2818 istud

119 2827 390 2874 complendum
408 2829 502 2873 fore,
523 2822 694 2876 quamvis
722 2830 880 2866 nesciret

119 2874 161 2911 in
193 2884 267 2928 qua
297 2880 334 2912 et
363 2876 568 2923 quomodo,
600 2876 752 2924 optabat
783 2882 883 2913 certe

120 2921 316 2968 Virginem
340 2923 447 2961 illam
475 2934 586 2971 posse
614 2925 768 2961 tandem
788 2935 882 2961 con-

121 2969 231 3013 tueri,
262 2969 318 3006 illi
350 2981 459 3017 posse
490 2971 680 3016 ancillari,
711 2972 769 3009 vel
803 2972 883 3009 solo

923 2114 961 2149 in
994 2113 1106 2148 cor-«lc
1139 2112 1234 2158 ojus,
1261 2112 1381 2148 adl‘uit
1409 2112 1573 2157 Angelus
1604 2122 1690 2149 mo-

921 2161 1010 2196 dum
1037 2161 1205 2205 mysterii
1224 2161 1630 2206 demonstrans-‚atque
1650 2159 1691 2197 in

924 2209 1000 2254 ipsi
1023 2214 1056 2244 ot
1080 2219 1144 2254 per
1165 2208 1285 2254 ipsam
1307 2207 1574 2253 perficiendam
1596 2207 1690 2244 ealo-

922 2267 1027 2298 eens,
1048 2266 1207 2302 eamque
1226 2256 1272 2291 ad
1293 2255 1329 2290 id
1357 2254 1404 2290 ab
1424 2259 1566 2291 aeterno
1585 2255 1690 2292 elec-

923 2310 999 2339 tum
1037 2310 1139 2340 cerlo
1182 2303 1426 2339 denuntians
1470 2304 1585 2348 Atque
1624 2301 1689 2339 ubi

922 2351 1131 2392 consensit,
1152 2362 1174 2387 o
1194 2356 1359 2397 quantus
1384 2350 1497 2396 ignis,
1518 2355 1553 2385 et
1574 2360 1690 2396 quam

922 2410 1035 2445 supra
1068 2400 1221 2435 modum
1253 2408 1408 2434 ornnem
1446 2397 1689 2442 cogitabilem

922 2448 1083 2483 :recrevit
1103 2451 1138 2482 et
1152 2446 1369 2483 exaesluavit
1384 2446 1517 2481 ?Certe
1535 2455 1691 2483 necesse

924 2495 1007 2537 suit,
1030 2500 1069 2531 ut
1096 2494 1256 2540 Spiritus
1283 2494 1456 2536 Sanctus,
1476 2492 1541 2539 qui
1561 2493 1690 2539 ignem

925 2543 1031 2578 illum
1063 2545 1302 2583 accenderat,
1337 2541 1450 2576 etiam
1482 2539 1689 2578 obumbra-

924 2595 990 2626 ret.
1010 2590 1114 2627 Unde
1133 2590 1271 2625 dicitur
1286 2589 1320 2624 ei
1338 2599 1346 2624 :
1367 2602 1380 2620 «ι
1398 2587 1557 2635 Spiritus
1576 2589 1691 2627 Sanc-

923 2643 982 2673 tus
1013 2637 1250 2684 superveniet
1278 2637 1316 2672 in
1342 2640 1393 2678 te,
1413 2641 1450 2672 et
1477 2636 1595 2672 virtus
1622 2637 1689 2673 Al-

924 2686 1058 2721 tissimi
1072 2683 1313 2721 obumbrabit
1328 2683 1408 2719 tibi.
1427 2699 1442 2718 ι
1461 2684 1575 2728 Quasi
1588 2684 1690 2721 dicat

925 2733 1087 2778 Angelus
1109 2744 1116 2768 :
1141 2733 1300 2778 Spiritus
1329 2731 1408 2775 ille,
1429 2732 1492 2777 qui
1514 2735 1570 2766 est
1591 2732 1691 2778 ignis

924 2791 1168 2820 consumens,
1196 2779 1292 2815 miro
1318 2779 1459 2815 amoris
1485 2779 1604 2815 divini
1624 2789 1688 2815 ar-

922 2830 1011 2864 dore
1035 2827 1241 2870 teul'licic13
1263 2836 1375 2872 quem
1389 2826 1531 2862 viribus
1544 2831 1690 2863 naturae

925 2876 983 2911 vix
1016 2875 1236 2918 sustineres,
1268 2875 1333 2910 sed
1361 2875 1401 2910 in
1424 2874 1557 2910 mediis
1577 2877 1688 2911 flam-

924 2923 995 2958 mis
1033 2921 1325 2965 consumereris,
1359 2922 1551 2967 vitamque
1584 2926 1690 2960 tuam

922 2970 1076 3007 dissolvi
1097 2973 1298 3016 oporteret,
1322 2970 1395 3006 nisi
1418 2970 1497 3015 ipse
1514 2969 1690 3007 umbram
