1858 3184
226 150 308 191 368
647 156 696 186 m
725 156 928 187 minoium
952 158 1031 188 vnes
1059 149 1378 191 ruemcsseuns.

227 238 351 280 chose
374 248 384 276 :
404 236 455 278 Je
473 247 527 276 ne
545 235 629 275 suis
648 247 722 288 pas
741 235 871 288 digne
890 235 943 276 de
962 236 1094 278 delier
1112 237 1172 278 les
1191 238 1370 278 cordons
1389 237 1440 279 de
1453 249 1518 279 ses
1536 237 1727 291 souliers,
1741 240 1798 290 si-
1831 270 1858 290 Ν.

227 317 315 345 non
338 314 348 342 ε
369 303 418 343 Je
438 314 492 342 ne
510 301 595 341 suis
612 313 686 353 pas
706 301 832 353 digne
856 301 908 342 de
930 301 988 342 lui
1007 303 1161 344 rendre
1191 304 1329 344 meme
1362 303 1402 344 le
1421 303 1516 356 plus
1533 304 1678 346 infime
1697 297 1798 355 et‘le
1850 301 1858 358 s

227 369 322 422 plus
341 367 450 422 petit
468 366 653 408 service?
685 367 791 407 Jean
811 378 837 406 a
855 379 913 419 pu
941 366 1032 408 dire
1064 367 1169 418 ecla,
1203 369 1284 409 soit
1316 381 1397 421 que
1428 369 1711 410 Jesus-Christ
1739 370 1800 411 ait
1852 407 1858 412 ,

226 436 301 476 use
321 434 372 474 de
391 433 580 481 souliers,
603 432 685 471 soit
705 431 913 484 qu’iln'en
934 432 994 472 ait
1013 445 1089 486 pas
1108 435 1195 483 use,
1213 446 1374 475 comme
1396 435 1597 487 quelques
1607 435 1801 478 docteurs
1841 430 1858 478 Ἀ

227 499 268 541 le
287 498 552 552 pretendent.
575 497 678 538 Mais
698 497 728 536 il
748 499 810 536 est
829 498 987 538 certain
1012 498 1114 551 qu'il
1145 499 1259 539 avait
1279 500 1350 539 des
1370 499 1579 548 sandales‚
1601 500 1803 554 puisqu’il
1856 523 1858 525 ·

227 564 288 605 les
307 564 490 604 conceda
509 575 594 602 aux
611 563 787 614 Apotres
806 565 848 602 et
879 574 962 615 que
993 562 1134 615 l'ange
1165 564 1227 603 dit
1249 566 1274 604 ἐι
1306 564 1450 605 Pierre
1474 576 1483 603 :
1510 581 1530 602 α
1551 565 1711 606 Prends
1738 569 1802 607 tes
1844 571 1846 573 ’

227 630 491 679 chaussures,
513 643 532 666 »
558 640 628 677 ou,
651 627 767 667 selon
805 627 844 668 le
875 630 990 668 texte
1022 640 1122 680 gree
1150 642 1159 669 :
1186 645 1206 666 «
1235 630 1422 670 Chausse
1455 635 1517 670 tes
1548 630 1754 682 sandales,
1777 645 1797 670 u

228 695 337 736 donc
355 695 386 734 il
411 694 568 747 portait
586 693 658 733 des
678 693 923 733 chaussures
942 706 1043 734 avec
1061 694 1251 734 oordons.
1275 695 1393 745 Mais,
1416 695 1447 734 il
1467 696 1623 735 semble
1651 696 1803 737 inutile

227 760 279 801 de
298 760 485 812 disputer
506 760 530 798 ὲ
551 770 596 798 ce
615 758 739 810 sajet,
761 759 956 810 puisque,
990 771 1043 798 au
1073 761 1311 800 monestere
1331 760 1382 801 de
1404 761 1582 813 Pruym‚
1621 761 1672 801 de
1703 761 1802 802 l’or-

227 827 302 867 dre
321 826 393 866 des
413 823 694 874 Benedictins‚
716 823 819 863 dont
843 824 1135 876 l'archeveque
1155 824 1206 865 de
1224 826 1378 873 Treves
1408 829 1471 866 est
1501 826 1803 868 radministra-

225 893 322 931 teur
340 889 573 943 perpetuel‚
595 901 650 928 on
671 893 836 928 montre
856 888 915 929 les
934 889 1126 929 sandales
1150 889 1201 930 de
1222 890 1589 942 Notre—Seigneur,
1611 904 1663 931 en
1680 894 1803 932 vertu

225 956 352 996 d’une
371 952 573 995 tradition
593 953 794 1002 certain&
817 956 859 994 et
877 955 1136 994 recemment
1156 967 1262 994 nous
1294 967 1444 995 savons
1464 955 1637 1008 qu'elles
1657 957 1804 997 furent

223 1023 436 1060 montrees
455 1031 555 1059 avec
572 1019 632 1059 les
652 1019 949 1071 temoignages
962 1020 1260 1072 authentiques
1275 1022 1300 1060 ὲ
1318 1020 1629 1062 l'illustrissime
1641 1022 1802 1063 Pierre-

222 1084 350 1138 Aloys
369 1085 535 1133 Carasa,
561 1085 676 1136 legat
699 1085 978 1136 apostolique.
1009 1085 1127 1126 Voici
1158 1086 1213 1125 du
1246 1088 1355 1126 reste
1387 1085 1430 1125 la
1461 1085 1640 1126 relation
1671 1087 1800 1128 ecrite

221 1163 301 1204 par
319 1163 394 1190 son
414 1162 680 1202 eompagnon
702 1149 807 1189 dans
826 1150 864 1189 le
885 1162 1052 1203 voyage
1072 1151 1123 1191 de
1143 1152 1355 1203 Mayence‚
1380 1164 1487 1203 pour
1521 1151 1730 1192 l'election
1749 1153 1802 1194 de

223 1215 586 1256 Reverendissime
606 1214 1010 1256 Anselme-Casimir
1029 1216 1259 1266 Wamhost,
1275 1217 1537 1269 archeveque
1558 1222 1600 1257 et
1618 1216 1801 1258 electeur

223 1279 276 1321 de
294 1281 510 1332 Mayence.

278 1347 438 1398 Pruym
460 1349 523 1385 est
544 1358 600 1384 un
624 1347 862 1385 monestere
883 1345 1047 1386 celebre
1068 1349 1188 1386 entre
1210 1349 1303 1386 tous
1330 1359 1436 1387 ceux
1455 1347 1507 1387 de
1532 1347 1574 1387 la
1601 1347 1711 1387 foret
1730 1346 1802 1388 des

221 1410 456 1452 Ardennes.
479 1410 788 1463 Charlemagne
808 1422 884 1449 son
903 1410 1130 1451 iondateur
1149 1424 1177 1463 y
1196 1411 1302 1452 betit
1321 1425 1404 1452 une
1425 1412 1573 1464 eglise,
1596 1424 1647 1452 en
1667 1412 1803 1453 l’hon-

221 1487 330 1517 nem·
347 1476 403 1516 du
425 1475 563 1516 Christ
583 1476 788 1515 Sauveur.
814 1477 925 1515 Pour
945 1476 1173 1516 confirmer
1192 1476 1497 1518 l'authenticite
1528 1477 1578 1517 de
1599 1490 1644 1517 ce
1666 1479 1801 1518 tresor

220 1542 353 1590 sacre,
374 1540 403 1579 il
423 1539 556 1580 existe
576 1552 727 1579 encore
747 1540 819 1580 des
839 1540 1135 1594 temoignages
1154 1542 1224 1581 des
1246 1543 1393 1593 Papes,
1417 1543 1469 1582 de
1491 1543 1801 1595 Charlemagne

219 1607 263 1646 et.
280 1604 464 1645 d'autres
482 1606 735 1657 Empereurs
756 1605 828 1657 qui
848 1605 1079 1646 l’attestent
1098 1618 1199 1646 avec
1220 1619 1303 1646 une
1335 1607 1542 1647 certitude
1576 1607 1798 1660 complete.
1853 1611 1858 1633 '¹

220 1671 285 1711 On
304 1669 364 1710 les
383 1670 470 1709 voit
490 1669 732 1709 facilement
756 1681 765 1708 :
788 1670 888 1710 elles
907 1674 1003 1710 sont
1022 1670 1074 1711 de
1094 1671 1183 1710 cuir
1214 1671 1354 1722 blanc,
1379 1672 1484 1711 mais
1504 1672 1736 1713 decousues
1756 1675 1799 1713 et
1855 1703 1858 1707 -

219 1734 441 1788 deployees
459 1747 559 1775 avec
579 1735 649 1774 des
681 1735 807 1774 sseurs
834 1738 876 1775 et
906 1735 978 1775 des
1010 1739 1250 1776 ornements
1275 1736 1437 1786 modes,
1474 1737 1638 1789 ajoutes
1657 1750 1736 1790 par
1755 1737 1799 1780 la

219 1800 333 1852 piete
353 1800 424 1840 des
442 1803 592 1852 temps.
615 1799 647 1840 ll
666 1803 737 1840 eut
756 1801 821 1839 ete
841 1800 1077 1863 preferable
1089 1801 1211 1854 qu'ils
1223 1805 1538 1842 conservassent
1552 1803 1647 1843 leur
1661 1802 1799 1844 forme

221 1982 320 2009 vero.
347 1987 360 2004 n
397 1973 491 2016 Quid
534 1983 619 2008 vero
657 1977 712 2008 est
749 1973 869 2015 alind,
910 1983 988 2010 non

222 2030 305 2056 sum
327 2020 464 2063 dignus
485 2021 684 2063 corrigiam
707 2021 987 2058 calceamento-

222 2077 306 2103 rum
339 2068 420 2114 ejus
450 2067 607 2110 solvero,
638 2068 709 2103 nisi
741 2079 818 2105 non
851 2069 990 2113 dignus

222 2114 278 2151 vel
301 2115 477 2151 intimum
510 2120 541 2150 et
578 2115 782 2152 minimum
815 2116 849 2153 ei
876 2113 987 2152 obse-

224 2162 357 2209 quium
377 2162 554 2199 cxiiibere
570 2165 584 2198 ?
603 2164 708 2207 Quod
731 2163 883 2210 quidem
904 2174 989 2200 vere

220 2221 385 2247 asserere
418 2211 534 2257 potuit
569 2211 748 2253 loannes,
770 2210 848 2248 sive
868 2210 988 2248 Chris-

221 2262 280 2294 tus
319 2258 587 2294 calceamentis
617 2268 707 2294 usus
746 2257 872 2303 suerit,
912 2259 988 2296 sive

220 2315 310 2350 non,
328 2305 426 2351 qnod
447 2306 563 2352 aliqui
579 2306 772 2352 disputant
796 2307 982 2344 Doctores.

218 2352 287 2390 Sed
324 2351 500 2389 imbuisse
534 2353 670 2397 soleas,
701 2354 778 2389 sivo
815 2354 987 2391 sandalia

219 2400 362 2438 certius
382 2404 456 2443 esu
473 2401 560 2446 quia
581 2401 644 2436 illu
667 2402 855 2437 concessit
876 2403 989 2448 Apos-

219 2448 319 2487 totis,
358 2452 393 2483 et
436 2448 584 2485 Petrum
622 2453 746 2484 mouet
790 2450 983 2492 Angelus:

222 2508 237 2527 ι
261 2495 394 2533 Culccu
416 2499 451 2531 te
469 2495 609 2540 caligas
631 2501 737 2538 tuus;
763 2511 775 2528 »ι
798 2496 859 2532 ubi
881 2498 987 2533 (irin-

218 2552 262 2580 cn
285 2543 424 2579 hubent
449 2553 456 2579 :
483 2558 496 2574 a
530 2543 662 2579 (liticen
692 2547 726 2578 te
758 2544 944 2589 sandalia,
970 2559 982 2576 a

218 2590 329 2637 adde,
350 2591 448 2637 quod
471 2590 500 2627 si
517 2590 671 2636 jubetur
697 2590 839 2635 caligas
867 2592 987 2628 cnloc-

217 2649 295 2682 ατο,
329 2639 478 2675 calceos
512 2637 686 2674 imbuisse
719 2642 863 2684 oportet
897 2650 984 2675 cum

218 2685 363 2731 caligis.
401 2686 536 2723 Verum
569 2685 815 2733 disputationi
847 2685 916 2723 hac
946 2687 984 2723 in

217 2744 255 2770 re
288 2733 347 2769 vix
382 2733 487 2771 iocus
524 2743 606 2770 esse
644 2733 803 2777 videtur,
825 2733 911 2780 quin
942 2734 985 2771 in

216 2780 428 2818 Prumiensi
445 2781 684 2825 Monnsierio,
701 2780 853 2818 Ordinis
864 2781 984 2818 suncti

218 2827 425 2874 Benedicti,
447 2829 558 2874 eujus
579 2828 868 2866 Administrntor
897 2839 982 2876 pei·-

215 2880 351 2923 petuus
371 2880 426 2912 cst
449 2877 764 2924 Areinicpiseopus
783 2875 984 2914 'i'rcviren-

214 2922 279 2968 sis,
324 2923 580 2961 ostenduntur
637 2923 775 2961 Christi
834 2923 984 2963 Domini

215 2970 387 3009 sandalia
408 2981 454 3009 ex
474 2975 575 3011 certa
597 2971 813 3018 traditione,
842 2975 880 3010 ct
910 2980 983 3011 no-

1029 1974 1182 2010 vissime
1214 1974 1475 2011 illustrissimo
1508 1975 1616 2012 Petro
1646 1975 1796 2021 Aioysio

1028 2022 1169 2057 Cau-utin
1192 2021 1325 2067 Legnto
1347 2023 1560 2068 Apostoiieo
1595 2032 1683 2059 cum
1718 2027 1797 2060 tes-

1030 2069 1197 2105 timoniis
1218 2070 1446 2106 authenticis
1468 2070 1608 2107 ibidem
1627 2068 1798 2108 exhibita

1029 2116 1143 2152 fuisse
1167 2117 1355 2153 novimus.
1393 2119 1443 2154 i)o
1477 2128 1549 2164 quo
1581 2117 1635 2154 sie
1664 2117 1796 2155 scribit
1834 2118 1840 2122 ”

1029 2164 1059 2199 is
1081 2165 1143 2210 qui
1167 2164 1233 2201 fuit
1247 2175 1375 2201 comcs
1396 2165 1476 2211 ejus
1497 2165 1536 2202 in
1554 2164 1692 2201 Itinere
1721 2165 1796 2203 Μο-

1027 2211 1188 2258 guntino
1208 2212 1252 2247 nd
1283 2212 1507 2248 electionem
1542 2212 1793 2250 Reverendis-

1027 2259 1112 2295 simi
1153 2259 1319 2295 Ansoimi
1359 2259 1533 2296 Cnsimiri
1590 2259 1796 2304 Wumboit,

1028 2306 1308 2354 Archiepiscopi
1348 2312 1383 2342 ot
1421 2307 1600 2344 Eiectoris
1639 2307 1797 2355 Mogun-

1028 2354 1110 2391 tini.

1077 2401 1226 2438 Prumin
1252 2401 1522 2438 iilonnsterium
1557 2406 1611 2437 est
1645 2401 1796 2441 celebre

1028 2449 1125 2486 inter
1144 2449 1218 2486 niiu
1237 2449 1357 2493 Sylva>
1384 2449 1609 2486 Arduennae.
1640 2450 1795 2488 Funda-

1027 2501 1083 2534 tor
1103 2496 1185 2542 ojus
1208 2497 1362 2533 Cui-olus
1385 2507 1544 2543 nnignus
1571 2507 1717 2534 sacram
1738 2496 1795 2536 ibt
1836 2531 1837 2534 ,

1026 2544 1146 2582 {edem
1183 2544 1331 2580 Cin-isto
1376 2544 1557 2581 salvatori
1590 2544 1793 2592 dedicavit,

1026 2597 1061 2629 et
1085 2591 1123 2628 in
1145 2603 1187 2629 en
1207 2595 1309 2635 sunt,
1333 2592 1519 2639 hodieque
1541 2602 1700 2631 summas
1725 2602 1794 2631 vo·
1842 2610 1844 2614 >

1028 2639 1216 2676 nerutioni
1238 2640 1414 2676 Sanduiiu
1438 2639 1602 2676 Domini.
1635 2640 1688 2679 Ne
1707 2648 1794 2680 ‚vere

1027 2686 1202 2724 thesauro
1225 2691 1299 2723 uun
1321 2698 1426 2724 suero
1441 2687 1537 2724 desit
1553 2686 1795 2733 tides,adhu6
1829 2683 1838 2691 ⁶

1026 2735 1268 2771 summorum
1294 2734 1535 2778 Pontificum.
1558 2735 1647 2772 item
1669 2731 1794 2774 Caroli
1830 2743 1833 2746 ⁴

1027 2786 1063 2819 et
1083 2781 1243 2818 aliorum
1277 2784 1466 2820 (lasarum
1499 2786 1628 2820 extant
1649 2780 1794 2821 monui

1026 2833 1170 2873 mente,
1202 2840 1286 2876 qun,-
1318 2830 1353 2866 id
1388 2831 1459 2867 tide
1493 2829 1793 2878 locupletissima

1025 2881 1220 2914 testentur.
1268 2877 1445 2915 visuntur
1489 2878 1621 2915 endem
1664 2875 1788 2926 ruoilo,
1827 2887 1831 2890 ’

1023 2928 1059 2961 ct
1080 2928 1170 2962 sunt
1189 2934 1232 2962 ox
1255 2925 1341 2962 albo
1363 2927 1480 2974 corio,
1502 2926 1568 2964 sed
1591 2925 1735 2964 dissuta
1750 2927 1792 2962 et*

1023 2971 1209 3021 explicata
1229 2982 1315 3012 cum
1335 2973 1473 3012 additis
1491 2982 1605 3022 opere
1625 2968 1786 3021 Phrygio

1838 3018 1853 3057 ι.
