1858 3184
141 744 267 795 parnt
285 741 473 781 aussitot.

550 121 767 174 momnis
794 140 1007 172 nnuncns
1034 140 1088 171 1111
1115 129 1306 172 1111711111.

1631 133 1710 176 353

142 219 447 271 merveilleuse,
469 222 511 261 et
527 219 689 272 chaque
703 219 804 272 J‘our
822 219 926 260 dans
945 231 991 260 56
1008 218 1159 260 cellule
1177 218 1208 260 il
1227 220 1438 260 soutenait
1466 220 1538 261 des
1569 224 1707 263 tenta-

142 285 256 335 tions
282 286 387 327 dans
416 284 636 339 lesquelles
666 283 726 325 les
754 284 931 325 demons
961 285 1022 325 lui
1057 285 1401 338 apparaissaient.
1441 286 1558 335 Μ615,
1582 286 1613 327 11
1650 287 1711 328 165

143 351 361 404 mepriseit
379 353 420 392 et
439 350 500 391 les
519 349 669 390 foulait
688 362 774 390 aux
791 350 924 403 pieds.

143 418 325 470 apparat
344 429 402 457 un
416 415 516 470 jour
534 418 627 455 tout
649 415 842 467 glorieux
861 419 902 455 et
921 415 981 455 lui
1001 415 1063 456 dit
1085 427 1094 455 ε
1121 431 1142 452 «
1161 416 1210 456 Je
1223 415 1311 455 suis
1330 416 1368 456 le
1388 415 1539 456 Christ.
1561 431 1581 454 n
1607 416 1712 460 Mais

141 481 182 522 16
199 481 342 522 moine
361 480 530 522 fermeit
550 480 608 520 les
627 492 754 533 yeux.
780 496 800 518 «
821 480 1034 534 Pourquoi
1061 481 1284 521 fermes-tu
1316 481 1375 521 les
1406 481 1550 534 yeux?
1571 482 1630 522 lui
1650 483 1713 526 dit

142 546 182 587 le
202 547 370 597 demon,
391 545 479 586 vois
498 545 603 585 (1666
622 558 692 586 616
713 545 860 598 gleire,
878 546 921 598 je
941 546 1026 586 suis
1046 546 1084 586 le
1104 546 1259 587 Christ.
1281 571 1333 576 —
1352 547 1475 592 Je,ne
1494 559 1605 588 veux
1636 559 1714 600 pas

142 611 234 652 voir
253 611 292 652 le
311 610 447 652 Christ
467 609 632 660 ici-haS‚
655 611 848 664 repondit
867 612 906 652 le
926 611 1081 661 moine,
1105 611 1205 652 e'est
1225 612 1329 652 dans
1348 612 1499 655 l’eutre
1530 612 1596 652 vie
1629 624 1710 666 qne

137 676 183 730 je
201 689 311 717 veux
325 675 440 728 jouir
459 676 510 716 de
530 689 575 716 sa
598 688 696 717 vue.
729 691 748 715 ι)
775 678 920 724 Satan,

957 351 1013 390 Le
1044 350 1197 390 demon
1229 362 1271 390 se
1302 355 1460 402 voyant
1478 353 1629 392 vaincu
1647 351 1714 393 lul

942 677 1090 717 vaincu
1121 690 1199 730 par
1229 681 1320 717 tant
1351 677 1605 729 d’humilitAE,
1627 678 1710 718 dis-

195 808 252 847 Le
271 806 426 846 demon
445 806 634 858 56ίῖ6166
654 808 765 847 aussi
784 808 835 847 de
852 812 1039 861 tromper
1059 808 1237 848 l’ermite
1268 809 1378 848 seint
1407 808 1635 858 Abraham,
1658 820 1712 849 en

139 871 200 912 lui
218 871 506 924 apparaissant
533 874 559 911 6
590 872 745 912 minuit
776 873 960 924 pendant
993 873 1096 923 qu'il
1127 874 1266 927 priait,
1291 877 1331 913 et
1369 873 1638 927 remplissant
1668 885 1714 914 56

139 935 287 977 6611616
306 936 431 976 d'une
452 936 629 977 lumiere
649 937 932 980 eblouissante
951 951 1114 980 comme
1142 939 1246 979 celle
1276 939 1331 979 du
1359 939 1489 988 soleii,
1514 951 1614 979 avec
1644 951 1712 981 ces

125 1004 249 1060 ,mets
271 1014 280 1043 :
300 1017 318 1038 α
342 1003 404 1042 Tu
426 1014 468 1041 es
488 1002 792 1052 hienheureux‚
809 1003 1038 1052 Abraham,
1062 1007 1103 1044 et
1130 1016 1335 1057 personne
1359 1004 1466 1044 n’est
1485 1003 1713 1045 semblable

138 1067 164 1108 6
182 1067 243 1107 toi
262 1067 338 1120 qui
358 1079 402 1107 65
422 1067 623 1120 accompli
643 1071 780 1108 toutes
801 1081 889 1109 mes
903 1069 1106 1109 volentes.
1132 1084 1150 1107 »
1175 1070 1385 1117 L’ermite,
1403 1070 1715 1110 reconnaissent

140 1131 182 1172 16
196 1144 280 1172 666
299 1145 395 1172 ruse
415 1132 471 1172 du
492 1133 644 1172 demon
661 1134 732 1186 qui
754 1134 933 1186 feignait
945 1135 1076 1174 d'etre
1090 1136 1128 1174 le
1146 1135 1298 1183 Christ,
1316 1135 1460 1175 s’ecria
1484 1149 1492 1175 :
1519 1151 1538 1173 «
1561 1138 1715 1176 Rentre

140 1197 245 1238 dans
266 1200 327 1237 tes
350 1197 556 1246 tenebras,
579 1199 603 1237 ὀ
624 1199 754 1251 esprit
772 1199 925 1252 rempli
946 1200 994 1239 de
1016 1212 1111 1239 ruse
1144 1204 1186 1240 et
1219 1200 1269 1240 de
1303 1201 1544 1253 tromperie,
1567 1213 1636 1240 ear
1668 1202 1714 1253 Je

138 1262 225 1302 suis
244 1275 304 1302 un
322 1262 493 1302 homme
519 1264 716 1315 peoheur.
750 1265 866 1314 Mais,
890 1277 1013 1317 parce
1034 1277 1116 1317 que
1131 1265 1207 1316 j'ai
1238 1266 1376 1318 espoir
1406 1266 1510 1305 dans
1542 1266 1580 1307 le
1619 1266 1712 1307 Sei-

141 1339 276 1379 gneur
294 1328 426 1376 16565,
447 1328 491 1379 je
512 1341 564 1367 ne
584 1329 760 1369 redoute
779 1342 853 1381 pas
873 1333 934 1369 tes
966 1330 1208 1381 embiiches‚
1231 1343 1301 1371 ma
1333 1331 1525 1371 muraille
1557 1331 1608 1372 de
1640 1332 1713 1372 de-

139 1392 256 1432 fense
277 1397 338 1432 est
357 1393 462 1433 dens
483 1393 520 1432 le
540 1405 638 1433 nom
659 1393 710 1434 de
731 1394 839 1434 celui
859 1407 939 1447 que
967 1395 1042 1447 j'ai
1071 1396 1182 1435 aime
1215 1401 1256 1435 et
1294 1408 1375 1448 que
1403 1396 1563 1447 ι161616.
1605 1396 1714 1437 C’est

138 1469 239 1498 avec
259 1469 304 1497 66
331 1470 430 1497 6661
463 1470 545 1510 que
572 1459 615 1510 ,ie
651 1462 689 1498 te
721 1459 878 1508 chasse,
901 1462 926 1499 ὸ
964 1460 1087 1500 chien
1126 1460 1358 1500 immunde.
1386 1478 1403 1495 »
1424 1463 1456 1500 A
1490 1474 1556 1500 ees
1586 1465 1711 1512 mets,

138 1522 246 1562 celui
284 1523 355 1575 qui
395 1522 518 1562 disait
560 1536 568 1562 :

616 1537 635 1560 (t
675 1524 724 1564 Je
761 1525 845 1564 suis
882 1524 920 1565 le
958 1525 1111 1574 Christ,
1157 1541 1175 1561 1>
1214 1530 1255 1565 et
1299 1526 1368 1578 qui
1416 1526 1715 1567 ambitionnait

137 1586 198 1628 les
227 1587 442 1627 honneurs
481 1587 630 1637 divins,
654 1588 887 1629 s'evanouit
925 1602 1021 1629 sous
1056 1590 1098 1629 16
1136 1591 1270 1631 forme
1308 1592 1433 1631 d'une
1471 1592 1611 1631 fumee
1648 1591 1712 1632 fe-

138 1651 241 1692 tide.

189 1718 301 1757 Nous
320 1716 446 1757 lisous
466 1730 524 1757 un
545 1718 622 1758 fait
643 1719 871 1760 semblable
890 1720 995 1760 dans
1013 1720 1054 1760 16
1074 1721 1140 1782 vie
1172 1721 1222 1761 de
1252 1722 1362 1761 saint
1399 1722 1570 1762 Mai-tin.
1605 1723 1710 1762 Pen-

135 1782 237 1822 (1661
255 1781 358 1835 qu’il
377 1782 503 1835 priait
523 1782 626 1822 dans
646 1796 691 1824 sa
710 1784 874 1836 cellule,
898 1786 1028 1826 Satan
1061 1786 1122 1826 161
1154 1791 1349 1839 apparat,
1373 1786 1602 1827 cherehant
1633 1799 1708 1827 au-

135 1847 231 1900 pres
249 1846 301 1887 de
331 1846 393 1887 lui
424 1847 484 1887 165
514 1848 727 1889 honneurs
759 1850 911 1899 divins,
935 1851 1110 1891 brillant
1144 1852 1271 1892 d’une
1303 1855 1413 1892 sorte
1448 1852 1499 1891 de
1534 1852 1713 1892 lumiere

139 2040 289 2078 eximiae
309 2046 387 2078 erat
415 2043 624 2079 sanctitatis
655 2049 691 2079 et
723 2044 908 2080 fortitudi—

137 2088 213 2134 nis,
235 2094 274 2125 ut
294 2089 334 2125 in
355 2089 453 2126 cella
485 2100 550 2126 sun
571 2091 810 2137 quotidianas
829 2103 908 2128 565-

138 2135 274 2173 tineret
294 2137 537 2181 tentationes,
559 2139 623 2174 sed
644 2139 695 2174 ita
717 2143 755 2175 ut
775 2140 907 2176 videns

137 2183 331 2220 daemones
357 2195 422 2220 eos
453 2189 726 2232 contemneret,
748 2191 783 2223 et
818 2198 907 2233 pro-

139 2231 318 2269 culcaret.
354 2232 494 2268 Videns
525 2238 652 2270 autem
683 2234 834 2271 daemon
868 2246 907 2271 se

138 2279 255 2323 vinei,
287 2279 450 2325 quodam
487 2280 549 2317 die
586 2282 759 2328 apparuit
797 2282 831 2318 ei
867 2282 907 2318 in

139 2326 259 2374 gloria
279 2331 315 2363 et
334 2327 483 2364 dicebat
506 2339 513 2364 z
535 2343 548 2360 «ι
574 2329 650 2374 Ego
671 2340 754 2365 sum
777 2329 906 2366 Chris-

139 2378 213 2411 tus.
237 2388 251 2407 »
275 2374 319 2410 At
339 2374 419 2422 ipse
440 2375 589 2412 clausos
614 2377 766 2423 penitus
800 2382 907 2414 tene—

141 2419 204 2458 bat
223 2421 367 2459 666165.
389 2422 458 2459 Cui
480 2423 631 2460 daemon
650 2435 657 2459 :
682 2438 695 2456 α
720 2426 792 2460 Cur
812 2434 906 2461 666-

140 2467 198 2506 165
218 2468 364 2506 elaudis
381 2471 396 2505 ?
416 2469 506 2507 Vide
521 2471 680 2518 gloriam
697 2482 823 2516 neam,
840 2482 908 2519 ego

141 2525 226 2552 sum
237 2516 416 2553 Christus.
436 2533 450 2551 n
459 2517 672 2566 Respondet
686 2519 767 2566 ipse
784 2530 791 2556 :
807 2535 819 2551 «
831 2520 908 2566 Ego

141 2562 329 2616 0111151616
349 2564 411 2602 1116
432 2566 522 2603 6616
543 2567 669 2603 videre
686 2583 695 2611 ;
716 2571 753 2603 at
772 2567 814 2604 16
835 2568 908 2604 6116

141 2613 217 2664 vita
245 2610 325 2658 ejus
354 2618 510 2661 expecto
543 2613 743 2651 visionem.
773 2631 788 2649 ι»
834 2616 910 2653 1166

140 2660 263 2740 vic-itus
281 2658 393 2696 Satan
419 2660 648 2706 humilitate,
670 2672 760 2699 mox
779 2662 909 2709 dispa-

147 2713 207 2741 rui
226 2731 234 2741 .

189 2751 250 2788 Sic
263 2755 299 2788 et
312 2755 488 2791 sanctum
498 2754 688 2793 Abraham
703 2757 910 2795 Eremitam

143 2797 316 2853 decipere
355 2806 515 2839 conatus
543 2807 613 2847 est,
646 2804 772 2840 media
800 2809 911 2842 nocte

142 2850 267 2900 616611
292 2857 492 2895 apparens,
512 2854 549 2886 et
568 2850 653 2887 luce
684 2852 802 2888 instar
820 2853 912 2889 solis

142 2893 301 2940 fulgida,
327 2894 464 2932 6611661
494 2896 575 2944 ejus
606 2898 818 2937 eircumcin
844 2910 913 2937 ens

144 2950 234 2979 cum
265 2940 335 2978 hae
366 2952 488 2981 voce:
513 2955 531 2978 ι
562 2944 697 2985 Beatus
727 2957 768 2986 es
856 2958 913 2986 ra-

308 3035 328 3069 1

949 2045 1050 2090 ham,
1074 2045 1275 2092 nullusque
1297 2046 1432 2082 similis
1455 2047 1521 2092 tui,
1544 2048 1608 2093 qui
1628 2058 1714 2084 om·

948 2104 1014 2128 nes
1035 2103 1139 2129 61665
1160 2093 1370 2130 voluntates
1390 2095 1599 2139 explevisti.
1626 2111 1639 2127 ι
1671 2096 1715 2131 At

948 2140 1012 2176 ille
1031 2150 1244 2186 agnoscens
1264 2141 1393 2178 dolum
1414 2140 1555 2177 diaboli
1583 2141 1715 2178 Chris-

948 2192 1026 2224 tum
1048 2198 1087 2224 se
1114 2188 1311 2234 fingentis,
1328 2188 1553 2224 exclamavit
1575 2198 1584 2225 :
1612 2202 1626 2221 «
1648 2189 1715 2227 Te-

947 2235 1075 2271 nebrae
1097 2240 1221 2272 tecum
1243 2237 1332 2279 5161,
1354 2247 1376 2272 6
1405 2237 1518 2282 plene
1545 2236 1633 2273 dolo
1662 2241 1716 2273 61-

947 2293 1020 2328 que
1049 2283 1214 2327 fallacia,
1251 2284 1364 2320 homo
1403 2285 1506 2320 enim
1541 2290 1717 2330 peccator

946 2341 1014 2376 ego
1047 2341 1146 2376 sum,
1168 2331 1256 2378 quia
1289 2335 1415 2367 tamen
1456 2331 1575 2368 habeo
1609 2340 1718 2378 spem

948 2378 987 2414 in
1022 2378 1226 2415 Dominum
1262 2379 1390 2422 Jssi‘u,
1432 2384 1513 2414 tuas
1558 2379 1716 2416 insidias

947 2436 1025 2462 non
1045 2427 1286 2472 pertimesco,
1300 2431 1411 2472 atque
1431 2438 1498 2473 pro
1520 2436 1627 2463 muro
1646 2427 1717 2466 mi-

949 2474 987 2510 hi
1007 2479 1063 2510 est
1091 2474 1174 2520 eJus
1204 2485 1346 2510 nomen
1378 2484 1490 2520 quein
1523 2474 1640 2510 dilexi
1670 2485 1716 2512 66

947 2521 1077 2567 diligo,
1101 2522 1141 2558 16
1161 2532 1235 2568 quo
1257 2526 1291 2557 te
1311 2521 1716 2568 increpo‚immundis·

948 2569 1044 2606 sime
1064 2570 1185 2606 canis.
1208 2586 1222 2603 υ
1251 2570 1335 2605 ilaec
1368 2579 1455 2604 cuin
1489 2569 1644 2612 diceret,
1664 2571 1716 2607 il-

949 2616 1023 2653 1166
1062 2617 1181 2653 instar
1217 2617 1313 2653 fumi
1352 2616 1458 2652 fetidi
1495 2617 1647 2653 evanuit
1683 2618 1717 2655 is

949 2664 1013 2711 qui
1033 2664 1182 2700 dicebat
1199 2674 1207 2700 :
1227 2665 1304 2710 Ego
1325 2673 1408 2699 sum
1430 2663 1615 2711 Christus,
1636 2666 1717 2712 qui-

949 2722 1021 2759 que
1042 2712 1191 2748 divinos
1210 2711 1400 2747 ambiebat
1421 2711 1598 2748 honores.

997 2759 1128 2795 Simile
1165 2759 1326 2804 legimus
1374 2758 1420 2795 de
1451 2764 1582 2796 sancto
1614 2759 1718 2796 Mar-

952 2806 1044 2842 tino.
1068 2806 1163 2842 Huic
1183 2807 1297 2842 etiam
1318 2806 1440 2842 oranti
1461 2805 1502 2843 in
1523 2817 1590 2843 sua
1620 2806 1719 2844 cella

950 2853 1101 2890 divinos
1119 2852 1167 2889 ab
1187 2863 1231 2890 eo
1263 2863 1438 2900 quaerens
1471 2854 1635 2891 honores
1652 2865 1715 2902 ap-

950 2900 1075 2948 paruit
1105 2900 1232 2947 Satan,
1265 2900 1412 2938 lumine
1443 2901 1545 2938 velut
1575 2901 1719 2940 coelesti

952 2957 1146 2996 coruscus,
1179 2947 1317 2987 faeiem
1353 2948 1464 2996 Regis
1496 2949 1716 2998 praeferens,

1503 3034 1556 3077 23
