1858 3184
528 157 945 191 memnone
973 157 1025 187 88
1053 146 1243 188 ι’Δνκκτ.
1594 150 1676 190 255

161 238 342 281 namt-12),
361 237 486 288 aussi,
505 230 772 290 l'Apolitffls
789 235 920 276 invite
941 236 967 275 8
985 235 1206 286 5’8ν811181,
1219 236 1243 275 8
1263 247 1436 276 5888881
1455 237 1548 278 1881
1567 249 1678 279 som-

106 305 297 354 8818888,
319 306 345 345 8
362 301 611 345 reneuveler
627 301 722 342 leur
738 300 923 350 fervenr,
945 302 970 340 8
987 311 1032 340 58
1050 300 1206 340 revetir
1226 301 1252 339 8
1270 311 1463 340 nouveau
1494 301 1546 341 de
1579 302 1675 343 l'es-

104 370 190 422 prit
208 370 259 410 de
276 367 564 416 ,lesus-christ,
585 377 711 419 parce
732 377 813 419 que
831 365 939 406 voici
958 365 997 405 le
1019 368 1156 417 temps
1175 364 1227 405 de
1247 365 1289 404 18
1311 366 1450 417 grece,
1467 365 1506 406 le
1539 370 1675 420 temps

105 435 162 475 du
181 436 305 484 salut,
327 437 489 481 818885
506 444 561 472 ne
581 432 738 471 devons
757 443 830 483 pas
858 430 898 470 le
929 430 1127 482 negliget·
1157 442 1211 470 en
1244 430 1546 481 sommeillant,
1569 433 1675 472 mais

104 500 136 539 il
155 512 261 541 nous
280 500 370 540 faut
389 497 580 539 marchei·
599 499 643 537 81
661 497 771 548 agir,
792 495 932 536 tundis
951 507 1032 548 (188
1054 508 1160 536 8885
1179 507 1311 535 avons
1331 497 1372 535 18
1405 495 1598 543 18181818,
1622 498 1675 538 (18

103 576 209 617 8881·
246 576 326 618 (188
356 563 450 616 8185
479 562 572 602 tard
610 561 653 601 18
683 561 778 601 8811
817 573 872 601 88
903 573 1010 601 8885
1041 572 1292 613 surprenne.
1327 561 1450 600 Aussi
1488 561 1674 614 1Ἀ88118

103 641 157 671 ne
189 642 233 671 se
262 630 459 669 contente
491 639 566 679 pas
597 626 648 666 de
677 639 785 667 8885
816 626 1088 666 commender
1124 626 1176 666 de
1214 626 1369 678 rejeter
1407 627 1467 666 les
1507 638 1675 667 oeuvres

102 695 154 735 de
177 693 376 742 18888185,
397 693 428 732 11
446 696 546 732 veut
577 703 730 732 encore
760 704 842 744 que
875 703 981 732 8885
1011 692 1211 744 81881885
1242 692 1302 731 185
1335 689 1500 732 oeuvres'
1532 692 1584 732 de
1604 693 1671 732 lu-

102 760 248 800 miere.

154 824 186 865 ll
205 823 370 877 appelle
389 835 553 863 oeuvres
573 823 625 863 de
643 822 838 863 18888185
857 834 923 862 885
942 822 1094 874 8881185
1119 822 1309 872 18811815,
1322 822 1480 862 (188118
1500 822 1673 875 8188811

101 889 261 931 8118881
280 889 320 928 la
342 890 433 928 uuit
452 891 495 928 et
515 888 575 928 les
593 888 803 928 18888185.
825 889 884 928 Le
902 887 997 927 nuit
1015 891 1078 927 est
1097 887 1410 927 effectivement
1442 887 1582 928 l’amie
1614 888 1672 928 du

99 953 245 1007 peche,
267 953 305 993 18
324 957 495 994 convert
514 954 565 994 de
584 953 626 993 18
645 952 808 1003 11181188,
832 952 870 992 18
889 952 996 992 voile
1016 952 1067 992 (18
1088 952 1312 1005 1’181(18118.
1335 953 1426 993 Elle
1444 957 1507 993 est
1542 965 1671 994 eveu-

101 1018 183 1070 gIe,
206 1018 425 1068 eflrontee‚
447 1019 645 1067 effrenee,
666 1030 763 1058 5885
783 1018 943 1058 8181818
964 1018 1007 1057 81
1025 1018 1204 1070 pudeur.
1227 1020 1304 1058 Les
1323 1018 1523 1070 ivrognes
1543 1019 1667 1060 s'eni-

98 1085 220 1124 vrent
242 1083 283 1123 18
302 1084 412 1123 8811.
434 1086 511 1124 Les
530 1083 767 1124 (1888881185
785 1083 1011 1124 8118188881
1041 1083 1083 1123 la
1113 1083 1224 1123 nuit.
1247 1085 1323 1124 Les
1342 1084 1669 1136 conspirateurs,

100 1159 207 1188 ceux
226 1149 300 1201 qui
321 1149 504 1189 forment
523 1149 575 1189 de
595 1161 691 1189 11188
700 1149 784 1188 vais
815 1143 1016 1199 desseins‘,
1049 1148 1209 1188 8181881
1232 1149 1291 1188 185
1313 1149 1506 1189 18888185
1537 1153 1579 1188 81
1610 1150 1672 1189 185

99 1217 258 1253 autres.
280 1214 388 1254 0851
406 1214 448 1254 18
467 1215 563 1254 8811
582 1213 707 1266 qu'on
726 1214 904 1266 prepare
925 1226 980 1252 un
1002 1212 1164 1253 dessein
1185 1217 1329 1253 contre
1349 1214 1469 1254 Jesus
1487 1225 1496 1252 :
1518 1227 1538 1252 (ι
1553 1214 1671 1255 Voici

99 1280 219 1319 votre
238 1278 369 1319 heure
389 1282 432 1319 et
451 1278 493 1319 18
510 1279 728 1331 881558888
759 1279 832 1318 (185
860 1278 1068 1319 18888185.
1089 1291 1110 1316 n
1135 1278 1244 1319 0851
1263 1279 1305 1318 18
1325 1278 1420 1318 8811
1452 1291 1534 1331 (188
1565 1279 1668 1319 5’88-

99 1342 370 1395 881881155881
388 1343 447 1384 185
466 1345 556 1384 vols
575 1349 617 1385 et
634 1345 694 1384 les
712 1343 1012 1396 brigandages.
1033 1343 1141 1384 0851
1160 1344 1202 1383 18
1222 1344 1315 1383 8811
1333 1356 1414 1396 (188
1433 1356 1477 1384 58
1497 1344 1591 1384 font
1611 1344 1670 1384 les

101 1408 377 1449 fornications
414 1412 456 1449 et
488 1410 548 1449 les
577 1409 821 1450 adulteres:
847 1423 866 1447 «
898 1408 1018 1449 L’oeil
1048 1408 1100 1448 de
1138 1408 1359 1448 l'adultere
1397 1408 1573 1448 observo
1609 1409 1670 1449 les

99 1473 310 1514 tenebres.
340 1473 441 1527 (Job.
463 1474 594 1527 xxw.)
618 1490 637 1511 n
670 1474 779 1515 C'est
809 1474 851 1514 18
886 1474 980 1514 nuit
1010 1485 1092 1526 que
1123 1473 1268 1513 furent
1300 1473 1550 1526 accomplies
1572 1476 1668 1514 tant

99 1537 338 1579 d’horreurs
357 1552 428 1579 sur
446 1540 487 1579 18
506 1539 661 1579 femme
680 1539 736 1579 du
755 1539 897 1579 levite.
921 1539 1029 1579 C’est
1048 1538 1088 1578 18
1108 1538 1203 1578 8811
1221 1550 1305 1591 (188
1335 1539 1396 1578 185
1427 1538 1667 1580 Sodomites

99 1603 368 1644 envahissent
396 1605 437 1644 18
468 1604 630 1644 8181588
662 1604 714 1645 (18
745 1603 869 1653 Loth,
891 1615 999 1656 pour
1026 1603 1179 1644 888581
1210 1604 1283 1644 (185
1316 1606 1459 1655 Auges
1490 1606 1516 1644 8
1547 1604 1621 1658 (181
1640 1604 1670 1644 11

99 1668 214 1709 avait
233 1668 370 1709 donne
389 1669 672 1722 l’hospitalite.

155 1733 263 1775 G’est
281 1734 390 1775 donc
409 1736 434 1775 8
452 1735 535 1775 888
557 1735 668 1775 (11811
688 1746 770 1788 (188
791 1734 851 1775 185
881 1734 1034 1787 8881185
1067 1737 1110 1774 81
1140 1733 1200 1774 185
1219 1734 1371 1774 crimes
1389 1740 1485 1775 sont
1503 1735 1672 1787 8888185

99 1799 172 1840 (185
192 1810 356 1840 oeuvres
374 1800 425 1841 de
445 1800 538 1840 8811
557 1804 599 1840 81
619 1800 671 1840 (18
691 1800 898 1848 18888185,
920 1800 1001 1840 5811
1030 1811 1154 1852 88188
1186 1811 1270 1852 que
1301 1800 1339 1839 le
1372 1799 1466 1852 plus
1498 1803 1672 1840 souvent

100 1863 154 1904 ils
173 1867 267 1904 5881
285 1864 509 1917 8888188115
526 1865 706 1905 (1885185
737 1864 943 1914 18888185,
966 1864 1048 1904 5811
1076 1876 1201 1917 88188
1234 1876 1315 1917 (188
1348 1865 1387 1904 18
1419 1865 1569 1905 Ρ11888
1598 1865 1671 1906 (185

99 1929 295 1970 18888185
314 1942 342 1982 y
361 1942 524 1983 pousse,
548 1930 630 1970 5811
657 1942 781 1983 88188
802 1942 882 1982 (188
914 1941 1020 1970 ceux
1051 1930 1125 1982 qui
1155 1929 1216 1969 les
1247 1933 1523 1987 888118811881
1553 1930 1669 1982 agis-

101 2117 165 2145 sos
189 2108 367 2151 excitare,
387 2108 680 2144 somnolentiam
710 2111 865 2144 excute-

100 2165 163 2198 re,
191 2159 226 2191 81
259 2165 400 2191 novum
434 2155 617 2192 servorem
650 2165 865 2201 novumque

904 2111 1057 2144 noctem
1078 2111 1264 2153 quaerunt.
1282 2106 1352 2151 Qui
1367 2106 1670 2152 conspirationes

904 2159 939 2191 81
969 2165 1081 2200 prava
1119 2154 1254 2190 ineunt
1290 2153 1465 2196 consilia,
1495 2152 1671 2190 tenebras

101 2202 261 2240 inducre
282 2203 457 2249 spiritum
478 2203 629 2246 Christi,
651 2204 738 2248 quia
762 2213 866 2239 nunc

100 2254 251 2296 1818885
281 2254 335 2286 851
366 2251 508 2296 gratiae,
542 2256 689 2296 tempus
719 2251 863 2296 salutis,

102 2298 203 2345 quod
224 2309 303 2334 non
322 2297 504 2335 debemus
524 2299 714 2345 negligere
729 2299 865 2334 dormi-

102 2348 238 2388 tantes,
254 2345 318 2381 sed
338 2345 532 2382 ambulare
553 2351 587 2382 81
607 2346 754 2392 operari
774 2347 865 2382 dum

101 2391 227 2429 lucem
250 2392 446 2438 habemus,
462 2404 509 2430 ne
530 2404 603 2430 nox
626 2394 865 2440 postmodum

101 2449 175 2477 nos
193 2441 502 2487 comprehendat.
526 2442 613 2478 ldeo
634 2452 712 2477 non
741 2441 866 2478 solum

103 2488 274 2534 praecipit
313 2488 511 2534 Apostolus
554 2488 717 2534 abjicere
755 2499 867 2535 opera

104 2533 359 2617 18888181818,
379 2536 569 2573 sedetiam
585 2537 749 2583 arripere
763 2547 867 2572 arma

121 2590 216 2618 8815.

155 2627 275 2674 Opera
307 2630 547 2668 tenebrarum
580 2636 686 2667 vocat
714 2635 867 2677 peccata

106 2675 311 2720 mortifera,
333 2678 492 2724 quorum
524 2679 687 2724 plurima
718 2683 867 2715 noctem

106 2727 236 2776 amant
272 2728 308 2762 et
344 2726 542 2770 tenebras;
572 2731 627 2762 est
658 2726 761 2763 enim
792 2737 866 2763 nox

106 2779 231 2806 8111188
268 2778 522 2816 88888181818,
561 2773 715 2810 maliliae
761 2779 868 2819 tegu-

107 2821 298 2862 mentum,
317 2818 372 2855 ini
399 2820 524 2857 uitatis
544 2821 669 2858 velum
686 2838 694 2865 ;
717 2826 772 2858 851
792 2831 869 2858 cae-

108 2873 167 2909 ca,
189 2863 342 2912 ess‘ronS,
363 2877 383 2903 e
416 2869 540 2912 raenis,
565 2869 648 2906 5188
680 2869 814 2906 1181818
834 2873 869 2905 81

107 2911 265 2958 pudore.
287 2913 359 2956 Qui
390 2913 485 2952 ebrii
512 2919 615 2960 sunt,
635 2921 747 2953 nocte
774 2915 868 2953 ebrii

106 2963 198 2996 sunt
218 2969 228 2997 :
259 2959 325 3008 qui
361 2960 627 3000 dissolutiones
664 2968 868 3009 sectantur,

904 2207 940 2238 et
957 2202 1112 2238 latibula
1132 2206 1274 2237 amant.
1298 2201 1414 2238 Nocte
1437 2201 1554 2236 initur
1574 2211 1670 2237 con-

904 2250 1032 2286 silium
1060 2249 1239 2285 adversus
1269 2249 1413 2285 lesum:
1442 2263 1454 2279 α
1495 2249 1580 2291 llaec
1615 2252 1670 2284 851

906 2298 997 2334 hora
1035 2302 1170 2340 vestra,
1208 2301 1243 2332 81
1287 2300 1451 2343 potestas
1494 2295 1669 2331 tenebra-

906 2356 1002 2381 rum.
1029 2359 1042 2376 »
1068 2344 1184 2381 Nocte
1211 2344 1309 2380 furta
1340 2348 1535 2390 patrantur
1555 2347 1590 2379 et
1612 2343 1669 2379 la-

905 2392 1078 2438 trocinia,
1099 2396 1209 2428 nocte
1228 2391 1499 2428 fornicationes
1513 2395 1548 2426 et
1567 2390 1670 2427 adul·

905 2441 998 2476 toria
1017 2444 1240 2476 exercentur
1263 2450 1271 2476 :
1298 2455 1310 2470 u
1335 2439 1477 2475 Oculus
1509 2437 1671 2475 adulteri

905 2488 1075 2524 observat
1096 2487 1314 2534 caliginem.
1341 2502 1354 2518 »
1380 2486 1498 2523 Nocte
1518 2490 1571 2521 tot
1600 2497 1670 2532 pa-

906 2540 999 2571 trata
1019 2539 1107 2571 sunt
1126 2535 1291 2571 nefanda
1310 2544 1397 2580 erga
1418 2543 1574 2569 uxorem
1598 2533 1670 2570 Le-

907 2583 1004 2619 vitae.
1029 2582 1147 2620 Nocte
1179 2581 1380 2618 Sodomilae
1400 2581 1556 2616 domum
1577 2580 1668 2617 Loth

906 2630 1163 2675 circumdant,
1205 2634 1244 2665 ut
1280 2629 1482 2664 abutantur
1525 2628 1670 2674 angelis

908 2678 1071 2724 hospitio
1091 2688 1158 2713 suo
1178 2676 1357 2722 exceptis.

954 2727 1050 2772 Ergo
1089 2725 1222 2760 inei-ito
1260 2726 1414 2770 peccata
1444 2728 1481 2760 et
1511 2723 1675 2767 scelera,

907 2784 1021 2820 opera
1058 2773 1180 2808 noctis
1217 2774 1398 2807 vocantur
1426 2775 1462 2807 81
1493 2771 1670 2807 tenebra-

908 2831 1008 2859 rum.
1029 2824 1109 2855 1881
1130 2819 1218 2865 quia
1248 2822 1289 2854 ut
1315 2818 1525 2864 plurimum
1551 2818 1593 2854 in
1611 2822 1670 2854 te-

908 2868 1036 2904 nebris
1068 2869 1305 2909 exercentur,
1333 2870 1411 2902 tum
1437 2866 1526 2912 quia
1558 2865 1669 2902 Prin—

908 2926 997 2961 ceps
1048 2913 1289 2950 tenebrarum
1325 2913 1373 2948 ad
1405 2913 1470 2949 illa
1501 2913 1669 2960 instigat,
1696 2912 1702 2920 “

907 2966 988 2999 1881
1008 2961 1096 3008 quia
1115 2961 1154 2997 hi
1175 2960 1239 3006 qui
1259 2960 1326 2997 illa
1350 2961 1608 3006 committunt,
1626 2960 1671 2998 18
