<?xml version="1.0" encoding="UTF-8"?>
<!DOCTYPE html PUBLIC "-//W3C//DTD XHTML 1.0 Transitional//EN"
    "http://www.w3.org/TR/xhtml1/DTD/xhtml1-transitional.dtd">
<html xmlns="http://www.w3.org/1999/xhtml" xml:lang="en" lang="en">
 <head>
  <title>
</title>
<meta http-equiv="Content-Type" content="text/html;charset=utf-8" />
  <meta name='ocr-system' content='tesseract 3.04.00' />
  <meta name='ocr-capabilities' content='ocr_page ocr_carea ocr_par ocr_line ocrx_word'/>
</head>
<body>
  <div class='ocr_page' id='page_1' title='image "./lerationaldespr01marc_0553.png"; bbox 0 0 1858 3184; ppageno 0'>
   <div class='ocr_carea' id='block_1_1' title="bbox 30 0 955 126">
    <p class='ocr_par' dir='ltr' id='par_1_1' title="bbox 30 0 955 126">
     <span class='ocr_line' id='line_1_1' title="bbox 30 0 955 119; baseline -0.006 -104"><span class='ocrx_word' id='word_1_1' title='bbox 30 0 162 119; x_wconf 44' lang='lat'>5135!</span> <span class='ocrx_word' id='word_1_2' title='bbox 175 0 212 31; x_wconf 50' lang='grc' dir='ltr'>ι’),</span> <span class='ocrx_word' id='word_1_3' title='bbox 275 30 278 35; x_wconf 87' lang='lat'><em>.</em></span> <span class='ocrx_word' id='word_1_4' title='bbox 301 10 306 16; x_wconf 89' lang='lat'><em>.</em></span> <span class='ocrx_word' id='word_1_5' title='bbox 321 0 332 15; x_wconf 78' lang='lat' dir='ltr'>s</span> <span class='ocrx_word' id='word_1_6' title='bbox 348 4 350 8; x_wconf 75' lang='grc'>’</span> <span class='ocrx_word' id='word_1_7' title='bbox 374 20 378 25; x_wconf 46' lang='lat'><em>¹</em></span> <span class='ocrx_word' id='word_1_8' title='bbox 517 30 519 34; x_wconf 24' lang='lat'><strong>¹</strong></span> <span class='ocrx_word' id='word_1_9' title='bbox 556 19 563 26; x_wconf 48' lang='grc' dir='ltr'>Ι</span> <span class='ocrx_word' id='word_1_10' title='bbox 635 5 638 12; x_wconf 59' lang='grc' dir='ltr'><em>ι</em></span> <span class='ocrx_word' id='word_1_11' title='bbox 675 0 688 42; x_wconf 20' lang='grc' dir='ltr'>ογ</span> <span class='ocrx_word' id='word_1_12' title='bbox 716 0 734 11; x_wconf 80' lang='lat' dir='ltr'>v</span> <span class='ocrx_word' id='word_1_13' title='bbox 755 35 762 42; x_wconf 34' lang='lat' dir='ltr'>h·</span> <span class='ocrx_word' id='word_1_14' title='bbox 813 0 820 11; x_wconf 72' lang='lat' dir='ltr'>t</span> <span class='ocrx_word' id='word_1_15' title='bbox 871 11 893 31; x_wconf 57' lang='lat' dir='ltr'>x*</span> <span class='ocrx_word' id='word_1_16' title='bbox 951 7 955 13; x_wconf 87' lang='grc'><strong>,</strong></span> 
     </span>
     <span class='ocr_line' id='line_1_2' title="bbox 66 38 927 61; baseline 0 -8"><span class='ocrx_word' id='word_1_17' title='bbox 66 45 87 61; x_wconf 57' lang='grc' dir='ltr'>.Ὶ</span> <span class='ocrx_word' id='word_1_18' title='bbox 102 44 111 59; x_wconf 54' lang='grc' dir='ltr'>,ς</span> <span class='ocrx_word' id='word_1_19' title='bbox 142 39 149 54; x_wconf 91' lang='grc'>1</span> <span class='ocrx_word' id='word_1_20' title='bbox 646 47 649 51; x_wconf 88' lang='grc'>-</span> <span class='ocrx_word' id='word_1_21' title='bbox 751 47 758 51; x_wconf 93' lang='grc'>.</span> <span class='ocrx_word' id='word_1_22' title='bbox 796 47 802 54; x_wconf 89' lang='grc'>.</span> <span class='ocrx_word' id='word_1_23' title='bbox 919 38 927 52; x_wconf 62' lang='lat' dir='ltr'>s</span> 
     </span>
     <span class='ocr_line' id='line_1_3' title="bbox 43 97 441 126; baseline 0 -5"><span class='ocrx_word' id='word_1_24' title='bbox 43 97 83 126; x_wconf 53' lang='lat' dir='ltr'>fisi</span> <span class='ocrx_word' id='word_1_25' title='bbox 440 117 441 121; x_wconf 69' lang='grc'><strong>,</strong></span> 
     </span>
    </p>
   </div>
   <div class='ocr_carea' id='block_1_2' title="bbox 32 94 1762 189">
    <p class='ocr_par' dir='ltr' id='par_1_2' title="bbox 32 94 1762 189">
     <span class='ocr_line' id='line_1_4' title="bbox 32 94 1762 189; baseline 0.001 -20"><span class='ocrx_word' id='word_1_26' title='bbox 32 135 61 189; x_wconf 59' lang='grc'>1.-</span> <span class='ocrx_word' id='word_1_27' title='bbox 496 137 548 170; x_wconf 77' lang='lat' dir='ltr'>u</span> <span class='ocrx_word' id='word_1_28' title='bbox 573 130 857 169; x_wconf 65' lang='lat' dir='ltr'>mm</span> <span class='ocrx_word' id='word_1_29' title='bbox 883 94 948 168; x_wconf 73' lang='grc'>81</span> <span class='ocrx_word' id='word_1_30' title='bbox 961 134 1338 172; x_wconf 58' lang='grc' dir='ltr'><strong>«σω-8818111188.</strong></span> <span class='ocrx_word' id='word_1_31' title='bbox 1620 126 1708 170; x_wconf 66' lang='lat' dir='ltr'>ut</span> <span class='ocrx_word' id='word_1_32' title='bbox 1759 114 1762 115; x_wconf 35' lang='lat'><em>⁷</em></span> 
     </span>
    </p>
   </div>
   <div class='ocr_carea' id='block_1_3' title="bbox 129 214 1707 1830">
    <p class='ocr_par' dir='ltr' id='par_1_3' title="bbox 131 214 1698 324">
     <span class='ocr_line' id='line_1_5' title="bbox 132 214 1698 272; baseline 0.001 -13"><span class='ocrx_word' id='word_1_33' title='bbox 132 216 280 272; x_wconf 63' lang='lat' dir='ltr'>pezole</span> <span class='ocrx_word' id='word_1_34' title='bbox 296 216 350 258; x_wconf 87' lang='lat' dir='ltr'>de</span> <span class='ocrx_word' id='word_1_35' title='bbox 366 215 565 258; x_wconf 69' lang='lat' dir='ltr'>dilectioni</span> <span class='ocrx_word' id='word_1_36' title='bbox 584 214 804 257; x_wconf 81' lang='lat' dir='ltr'>mutuelle.</span> <span class='ocrx_word' id='word_1_37' title='bbox 823 216 886 257; x_wconf 81' lang='lat' dir='ltr'>De</span> <span class='ocrx_word' id='word_1_38' title='bbox 906 216 947 256; x_wconf 73' lang='lat' dir='ltr'>la</span> <span class='ocrx_word' id='word_1_39' title='bbox 966 215 1186 269; x_wconf 84' lang='lat' dir='ltr'>l&#39;exemple</span> <span class='ocrx_word' id='word_1_40' title='bbox 1205 215 1258 257; x_wconf 92' lang='lat' dir='ltr'>de</span> <span class='ocrx_word' id='word_1_41' title='bbox 1276 217 1434 269; x_wconf 75' lang='lat' dir='ltr'>parfait</span> <span class='ocrx_word' id='word_1_42' title='bbox 1451 228 1604 259; x_wconf 73' lang='lat' dir='ltr'>amour</span> <span class='ocrx_word' id='word_1_43' title='bbox 1620 218 1698 272; x_wconf 81' lang='lat' dir='ltr'>qui</span> 
     </span>
     <span class='ocr_line' id='line_1_6' title="bbox 131 279 1269 324; baseline -0.002 -1"><span class='ocrx_word' id='word_1_44' title='bbox 131 282 274 324; x_wconf 61' lang='lat' dir='ltr'>arrivs</span> <span class='ocrx_word' id='word_1_45' title='bbox 290 293 348 323; x_wconf 74' lang='grc'>88</span> <span class='ocrx_word' id='word_1_46' title='bbox 364 282 497 323; x_wconf 74' lang='lat' dir='ltr'>debu-t</span> <span class='ocrx_word' id='word_1_47' title='bbox 514 280 567 321; x_wconf 83' lang='lat' dir='ltr'>de</span> <span class='ocrx_word' id='word_1_48' title='bbox 585 279 749 322; x_wconf 83' lang='lat' dir='ltr'>l&#39;Ordre</span> <span class='ocrx_word' id='word_1_49' title='bbox 765 280 841 321; x_wconf 82' lang='lat' dir='ltr'>des</span> <span class='ocrx_word' id='word_1_50' title='bbox 861 282 1009 322; x_wconf 76' lang='lat' dir='ltr'>Freres</span> <span class='ocrx_word' id='word_1_51' title='bbox 1022 281 1269 322; x_wconf 72' lang='lat' dir='ltr'>Precheurs.</span> 
     </span>
    </p>

    <p class='ocr_par' dir='ltr' id='par_1_4' title="bbox 129 345 1707 1830">
     <span class='ocr_line' id='line_1_7' title="bbox 187 345 1703 399; baseline 0.001 -10"><span class='ocrx_word' id='word_1_52' title='bbox 187 349 280 390; x_wconf 81' lang='lat' dir='ltr'>Une</span> <span class='ocrx_word' id='word_1_53' title='bbox 298 347 422 388; x_wconf 85' lang='lat' dir='ltr'>noble</span> <span class='ocrx_word' id='word_1_54' title='bbox 442 346 600 399; x_wconf 80' lang='lat' dir='ltr'>vierge,</span> <span class='ocrx_word' id='word_1_55' title='bbox 621 347 729 398; x_wconf 68' lang='lat' dir='ltr'>egee</span> <span class='ocrx_word' id='word_1_56' title='bbox 747 345 801 386; x_wconf 88' lang='lat' dir='ltr'>de</span> <span class='ocrx_word' id='word_1_57' title='bbox 822 347 873 386; x_wconf 70' lang='lat'>14</span> <span class='ocrx_word' id='word_1_58' title='bbox 893 357 985 395; x_wconf 82' lang='grc'><strong>888,</strong></span> <span class='ocrx_word' id='word_1_59' title='bbox 1000 346 1260 386; x_wconf 77' lang='lat' dir='ltr'>tres-devote</span> <span class='ocrx_word' id='word_1_60' title='bbox 1280 348 1307 387; x_wconf 71' lang='grc'>8</span> <span class='ocrx_word' id='word_1_61' title='bbox 1326 347 1368 386; x_wconf 83' lang='lat' dir='ltr'>la</span> <span class='ocrx_word' id='word_1_62' title='bbox 1386 347 1703 391; x_wconf 77' lang='lat' dir='ltr'>Bienheureuse</span> 
     </span>
     <span class='ocr_line' id='line_1_8' title="bbox 135 410 1703 466; baseline 0.001 -12"><span class='ocrx_word' id='word_1_63' title='bbox 135 413 288 465; x_wconf 81' lang='lat' dir='ltr'>vierge</span> <span class='ocrx_word' id='word_1_64' title='bbox 306 412 452 462; x_wconf 73' lang='lat' dir='ltr'>Marte,</span> <span class='ocrx_word' id='word_1_65' title='bbox 473 411 516 452; x_wconf 87' lang='grc'>18</span> <span class='ocrx_word' id='word_1_66' title='bbox 532 410 730 464; x_wconf 80' lang='lat' dir='ltr'>supplieit</span> <span class='ocrx_word' id='word_1_67' title='bbox 750 411 1028 459; x_wconf 81' lang='lat' dir='ltr'>erdemment‚</span> <span class='ocrx_word' id='word_1_68' title='bbox 1055 411 1205 464; x_wconf 79' lang='lat' dir='ltr'>depuis</span> <span class='ocrx_word' id='word_1_69' title='bbox 1223 414 1314 463; x_wconf 86' lang='lat' dir='ltr'>sept</span> <span class='ocrx_word' id='word_1_70' title='bbox 1333 423 1424 461; x_wconf 82' lang='lat' dir='ltr'>ens,</span> <span class='ocrx_word' id='word_1_71' title='bbox 1446 412 1498 451; x_wconf 92' lang='lat' dir='ltr'>de</span> <span class='ocrx_word' id='word_1_72' title='bbox 1522 413 1703 466; x_wconf 81' lang='lat' dir='ltr'>daigner</span> 
     </span>
     <span class='ocr_line' id='line_1_9' title="bbox 133 475 1701 528; baseline 0 -9"><span class='ocrx_word' id='word_1_73' title='bbox 133 478 193 518; x_wconf 84' lang='lat' dir='ltr'>lui</span> <span class='ocrx_word' id='word_1_74' title='bbox 210 477 456 519; x_wconf 75' lang='lat' dir='ltr'>manifester</span> <span class='ocrx_word' id='word_1_75' title='bbox 474 488 550 516; x_wconf 87' lang='lat' dir='ltr'>son</span> <span class='ocrx_word' id='word_1_76' title='bbox 571 476 650 525; x_wconf 84' lang='lat' dir='ltr'>fils,</span> <span class='ocrx_word' id='word_1_77' title='bbox 673 475 851 528; x_wconf 80' lang='lat' dir='ltr'>l&#39;Epoux</span> <span class='ocrx_word' id='word_1_78' title='bbox 871 476 943 517; x_wconf 85' lang='lat' dir='ltr'>des</span> <span class='ocrx_word' id='word_1_79' title='bbox 963 478 1093 517; x_wconf 72' lang='lat' dir='ltr'>ames.</span> <span class='ocrx_word' id='word_1_80' title='bbox 1115 478 1207 518; x_wconf 89' lang='lat' dir='ltr'>Une</span> <span class='ocrx_word' id='word_1_81' title='bbox 1227 477 1350 517; x_wconf 90' lang='lat' dir='ltr'>veille</span> <span class='ocrx_word' id='word_1_82' title='bbox 1368 477 1420 517; x_wconf 86' lang='lat' dir='ltr'>de</span> <span class='ocrx_word' id='word_1_83' title='bbox 1440 477 1558 526; x_wconf 80' lang='lat' dir='ltr'>Noel,</span> <span class='ocrx_word' id='word_1_84' title='bbox 1580 480 1701 519; x_wconf 83' lang='lat' dir='ltr'>etant</span> 
     </span>
     <span class='ocr_line' id='line_1_10' title="bbox 131 541 1703 595; baseline -0.001 -11"><span class='ocrx_word' id='word_1_85' title='bbox 131 545 275 584; x_wconf 64' lang='lat' dir='ltr'>enti-ee</span> <span class='ocrx_word' id='word_1_86' title='bbox 295 543 408 583; x_wconf 85' lang='lat' dir='ltr'>seule</span> <span class='ocrx_word' id='word_1_87' title='bbox 427 541 531 581; x_wconf 85' lang='grc'><strong>(1888</strong></span> <span class='ocrx_word' id='word_1_88' title='bbox 552 553 607 581; x_wconf 88' lang='grc'>88</span> <span class='ocrx_word' id='word_1_89' title='bbox 628 542 827 591; x_wconf 73' lang='grc'><strong>81818118,</strong></span> <span class='ocrx_word' id='word_1_90' title='bbox 849 542 980 583; x_wconf 83' lang='lat' dir='ltr'>Marie</span> <span class='ocrx_word' id='word_1_91' title='bbox 1000 542 1059 582; x_wconf 93' lang='lat' dir='ltr'>lui</span> <span class='ocrx_word' id='word_1_92' title='bbox 1079 546 1259 595; x_wconf 80' lang='lat' dir='ltr'>apparat</span> <span class='ocrx_word' id='word_1_93' title='bbox 1277 554 1377 582; x_wconf 83' lang='lat' dir='ltr'>avec</span> <span class='ocrx_word' id='word_1_94' title='bbox 1396 555 1471 582; x_wconf 88' lang='grc'>808</span> <span class='ocrx_word' id='word_1_95' title='bbox 1507 543 1573 583; x_wconf 82' lang='lat' dir='ltr'>fils</span> <span class='ocrx_word' id='word_1_96' title='bbox 1598 544 1703 583; x_wconf 82' lang='grc'><strong>(1888</strong></span> 
     </span>
     <span class='ocr_line' id='line_1_11' title="bbox 133 607 1700 660; baseline 0.001 -12"><span class='ocrx_word' id='word_1_97' title='bbox 133 607 192 648; x_wconf 84' lang='grc'>188</span> <span class='ocrx_word' id='word_1_98' title='bbox 210 608 360 657; x_wconf 81' lang='lat' dir='ltr'>mains,</span> <span class='ocrx_word' id='word_1_99' title='bbox 383 610 424 647; x_wconf 84' lang='lat' dir='ltr'>et</span> <span class='ocrx_word' id='word_1_100' title='bbox 442 607 502 647; x_wconf 91' lang='lat' dir='ltr'>lui</span> <span class='ocrx_word' id='word_1_101' title='bbox 520 607 583 646; x_wconf 91' lang='lat' dir='ltr'>dit</span> <span class='ocrx_word' id='word_1_102' title='bbox 605 620 614 647; x_wconf 92' lang='lat'>:</span> <span class='ocrx_word' id='word_1_103' title='bbox 641 622 662 644; x_wconf 90' lang='lat'>«</span> <span class='ocrx_word' id='word_1_104' title='bbox 689 607 806 648; x_wconf 89' lang='lat' dir='ltr'>Voici</span> <span class='ocrx_word' id='word_1_105' title='bbox 825 619 927 647; x_wconf 92' lang='lat' dir='ltr'>mon</span> <span class='ocrx_word' id='word_1_106' title='bbox 945 607 1011 648; x_wconf 84' lang='lat' dir='ltr'>fils</span> <span class='ocrx_word' id='word_1_107' title='bbox 1030 620 1111 660; x_wconf 88' lang='lat' dir='ltr'>que</span> <span class='ocrx_word' id='word_1_108' title='bbox 1143 611 1189 647; x_wconf 88' lang='lat' dir='ltr'>tu</span> <span class='ocrx_word' id='word_1_109' title='bbox 1223 620 1268 647; x_wconf 87' lang='lat' dir='ltr'>as</span> <span class='ocrx_word' id='word_1_110' title='bbox 1299 611 1392 647; x_wconf 88' lang='lat' dir='ltr'>tant</span> <span class='ocrx_word' id='word_1_111' title='bbox 1424 608 1576 658; x_wconf 79' lang='lat' dir='ltr'>desire,</span> <span class='ocrx_word' id='word_1_112' title='bbox 1593 609 1638 660; x_wconf 64' lang='lat' dir='ltr'>¹ie</span> <span class='ocrx_word' id='word_1_113' title='bbox 1658 612 1700 649; x_wconf 84' lang='grc'>18</span> 
     </span>
     <span class='ocr_line' id='line_1_12' title="bbox 132 672 1698 726; baseline 0.001 -14"><span class='ocrx_word' id='word_1_114' title='bbox 132 676 313 726; x_wconf 72' lang='lat' dir='ltr'>per-mets</span> <span class='ocrx_word' id='word_1_115' title='bbox 331 673 383 712; x_wconf 90' lang='lat' dir='ltr'>de</span> <span class='ocrx_word' id='word_1_116' title='bbox 402 672 440 712; x_wconf 92' lang='lat' dir='ltr'>le</span> <span class='ocrx_word' id='word_1_117' title='bbox 460 672 639 724; x_wconf 85' lang='lat' dir='ltr'><strong>prendre</strong></span> <span class='ocrx_word' id='word_1_118' title='bbox 658 672 761 712; x_wconf 87' lang='grc'><strong>(1888</strong></span> <span class='ocrx_word' id='word_1_119' title='bbox 779 678 842 713; x_wconf 87' lang='grc'>188</span> <span class='ocrx_word' id='word_1_120' title='bbox 859 673 955 712; x_wconf 82' lang='lat' dir='ltr'>brus</span> <span class='ocrx_word' id='word_1_121' title='bbox 975 677 1017 712; x_wconf 85' lang='grc'>81</span> <span class='ocrx_word' id='word_1_122' title='bbox 1036 673 1087 712; x_wconf 85' lang='grc'>(18</span> <span class='ocrx_word' id='word_1_123' title='bbox 1106 676 1148 713; x_wconf 88' lang='grc'>18</span> <span class='ocrx_word' id='word_1_124' title='bbox 1168 674 1330 712; x_wconf 82' lang='lat' dir='ltr'>recreer</span> <span class='ocrx_word' id='word_1_125' title='bbox 1363 673 1614 713; x_wconf 88' lang='lat' dir='ltr'>doucement</span> <span class='ocrx_word' id='word_1_126' title='bbox 1646 685 1698 714; x_wconf 87' lang='lat' dir='ltr'>en</span> 
     </span>
     <span class='ocr_line' id='line_1_13' title="bbox 130 737 1699 791; baseline 0.001 -13"><span class='ocrx_word' id='word_1_127' title='bbox 130 748 178 778; x_wconf 75' lang='grc'>88</span> <span class='ocrx_word' id='word_1_128' title='bbox 191 738 459 790; x_wconf 76' lang='lat' dir='ltr'>compagnie.</span> <span class='ocrx_word' id='word_1_129' title='bbox 483 752 502 775; x_wconf 76' lang='lat' dir='ltr'>n</span> <span class='ocrx_word' id='word_1_130' title='bbox 525 737 616 778; x_wconf 86' lang='lat' dir='ltr'>Elle</span> <span class='ocrx_word' id='word_1_131' title='bbox 636 738 722 790; x_wconf 84' lang='lat' dir='ltr'>prit</span> <span class='ocrx_word' id='word_1_132' title='bbox 740 738 918 778; x_wconf 79' lang='lat' dir='ltr'>l&#39;enfant</span> <span class='ocrx_word' id='word_1_133' title='bbox 936 750 1035 778; x_wconf 80' lang='lat' dir='ltr'>avec</span> <span class='ocrx_word' id='word_1_134' title='bbox 1051 738 1138 790; x_wconf 88' lang='lat' dir='ltr'>joie</span> <span class='ocrx_word' id='word_1_135' title='bbox 1157 750 1265 791; x_wconf 91' lang='lat' dir='ltr'>pour</span> <span class='ocrx_word' id='word_1_136' title='bbox 1284 739 1322 778; x_wconf 90' lang='lat' dir='ltr'>le</span> <span class='ocrx_word' id='word_1_137' title='bbox 1354 738 1493 778; x_wconf 84' lang='lat' dir='ltr'>baiser</span> <span class='ocrx_word' id='word_1_138' title='bbox 1520 742 1562 778; x_wconf 91' lang='lat' dir='ltr'>et</span> <span class='ocrx_word' id='word_1_139' title='bbox 1580 738 1699 779; x_wconf 85' lang='lat' dir='ltr'>l’em·</span> 
     </span>
     <span class='ocr_line' id='line_1_14' title="bbox 129 802 1699 855; baseline 0 -12"><span class='ocrx_word' id='word_1_140' title='bbox 129 802 293 843; x_wconf 73' lang='lat' dir='ltr'>bmsser</span> <span class='ocrx_word' id='word_1_141' title='bbox 309 803 587 855; x_wconf 79' lang='lat' dir='ltr'>pieusement.</span> <span class='ocrx_word' id='word_1_142' title='bbox 610 803 794 852; x_wconf 74' lang='grc'><strong>3188101,</strong></span> <span class='ocrx_word' id='word_1_143' title='bbox 810 803 986 843; x_wconf 84' lang='lat' dir='ltr'>l’enfaut</span> <span class='ocrx_word' id='word_1_144' title='bbox 1006 804 1065 843; x_wconf 91' lang='lat' dir='ltr'>lui</span> <span class='ocrx_word' id='word_1_145' title='bbox 1085 803 1293 843; x_wconf 83' lang='lat' dir='ltr'>demanda</span> <span class='ocrx_word' id='word_1_146' title='bbox 1323 804 1358 843; x_wconf 87' lang='lat' dir='ltr'>si</span> <span class='ocrx_word' id='word_1_147' title='bbox 1387 803 1466 843; x_wconf 89' lang='lat' dir='ltr'>elle</span> <span class='ocrx_word' id='word_1_148' title='bbox 1486 803 1664 844; x_wconf 77' lang='lat' dir='ltr'>l’eimait.</span> <span class='ocrx_word' id='word_1_149' title='bbox 1688 816 1699 844; x_wconf 73' lang='grc' dir='ltr'><strong>ι</strong></span> 
     </span>
     <span class='ocr_line' id='line_1_15' title="bbox 134 867 1700 921; baseline 0.002 -14"><span class='ocrx_word' id='word_1_150' title='bbox 134 881 155 906; x_wconf 68' lang='lat' dir='ltr'>a</span> <span class='ocrx_word' id='word_1_151' title='bbox 173 867 463 908; x_wconf 75' lang='lat' dir='ltr'>M&#39;aimes·tu?</span> <span class='ocrx_word' id='word_1_152' title='bbox 482 885 558 905; x_wconf 62' lang='grc'>1)-</span> <span class='ocrx_word' id='word_1_153' title='bbox 577 868 665 908; x_wconf 85' lang='grc' dir='ltr'><strong>Ε118</strong></span> <span class='ocrx_word' id='word_1_154' title='bbox 685 868 882 921; x_wconf 79' lang='lat' dir='ltr'>repondit</span> <span class='ocrx_word' id='word_1_155' title='bbox 899 880 939 907; x_wconf 82' lang='lat'>2«</span> <span class='ocrx_word' id='word_1_156' title='bbox 957 869 1006 909; x_wconf 88' lang='lat' dir='ltr'>Je</span> <span class='ocrx_word' id='word_1_157' title='bbox 1025 881 1128 908; x_wconf 87' lang='lat' dir='ltr'>vous</span> <span class='ocrx_word' id='word_1_158' title='bbox 1148 868 1257 908; x_wconf 84' lang='lat' dir='ltr'>aime</span> <span class='ocrx_word' id='word_1_159' title='bbox 1278 869 1328 908; x_wconf 93' lang='lat' dir='ltr'>de</span> <span class='ocrx_word' id='word_1_160' title='bbox 1346 871 1440 908; x_wconf 80' lang='lat' dir='ltr'>tout</span> <span class='ocrx_word' id='word_1_161' title='bbox 1455 881 1554 909; x_wconf 87' lang='lat' dir='ltr'>mon</span> <span class='ocrx_word' id='word_1_162' title='bbox 1569 881 1700 910; x_wconf 85' lang='lat' dir='ltr'>coeur.</span> 
     </span>
     <span class='ocr_line' id='line_1_16' title="bbox 129 933 1702 987; baseline 0.001 -14"><span class='ocrx_word' id='word_1_163' title='bbox 129 954 183 964; x_wconf 90' lang='lat'>—</span> <span class='ocrx_word' id='word_1_164' title='bbox 201 933 318 980; x_wconf 79' lang='lat' dir='ltr'>Mais,</span> <span class='ocrx_word' id='word_1_165' title='bbox 342 934 473 986; x_wconf 84' lang='lat' dir='ltr'>reprit</span> <span class='ocrx_word' id='word_1_166' title='bbox 508 933 698 983; x_wconf 69' lang='lat' dir='ltr'>l&#39;enfzmt,</span> <span class='ocrx_word' id='word_1_167' title='bbox 731 934 926 974; x_wconf 89' lang='lat' dir='ltr'>combien</span> <span class='ocrx_word' id='word_1_168' title='bbox 959 934 1252 974; x_wconf 50' lang='lat' dir='ltr'>maximos-tu?</span> <span class='ocrx_word' id='word_1_169' title='bbox 1272 956 1324 964; x_wconf 88' lang='lat'>-</span> <span class='ocrx_word' id='word_1_170' title='bbox 1343 934 1442 973; x_wconf 86' lang='lat' dir='ltr'>Plus</span> <span class='ocrx_word' id='word_1_171' title='bbox 1481 946 1563 987; x_wconf 88' lang='lat' dir='ltr'>que</span> <span class='ocrx_word' id='word_1_172' title='bbox 1601 946 1702 975; x_wconf 82' lang='lat' dir='ltr'>mon</span> 
     </span>
     <span class='ocr_line' id='line_1_17' title="bbox 131 998 1702 1052; baseline 0.001 -14"><span class='ocrx_word' id='word_1_173' title='bbox 131 1009 264 1051; x_wconf 76' lang='lat' dir='ltr'>corps,</span> <span class='ocrx_word' id='word_1_174' title='bbox 279 998 342 1038; x_wconf 89' lang='lat' dir='ltr'>dit</span> <span class='ocrx_word' id='word_1_175' title='bbox 372 999 414 1038; x_wconf 89' lang='grc'>18</span> <span class='ocrx_word' id='word_1_176' title='bbox 441 999 600 1051; x_wconf 81' lang='lat' dir='ltr'><strong>vierge.</strong></span> <span class='ocrx_word' id='word_1_177' title='bbox 622 1023 675 1029; x_wconf 93' lang='lat'><em>-</em></span> <span class='ocrx_word' id='word_1_178' title='bbox 695 1001 829 1039; x_wconf 82' lang='lat' dir='ltr'>Est-ce</span> <span class='ocrx_word' id='word_1_179' title='bbox 863 999 988 1040; x_wconf 80' lang='lat' dir='ltr'>tout?</span> <span class='ocrx_word' id='word_1_180' title='bbox 1007 999 1069 1039; x_wconf 90' lang='lat' dir='ltr'>dit</span> <span class='ocrx_word' id='word_1_181' title='bbox 1101 998 1293 1039; x_wconf 78' lang='lat' dir='ltr'>l’eni&#39;ant.</span> <span class='ocrx_word' id='word_1_182' title='bbox 1315 1022 1369 1028; x_wconf 93' lang='lat'><strong>—</strong></span> <span class='ocrx_word' id='word_1_183' title='bbox 1388 1000 1539 1050; x_wconf 76' lang='lat' dir='ltr'>Metuo,</span> <span class='ocrx_word' id='word_1_184' title='bbox 1574 999 1702 1052; x_wconf 75' lang='lat' dir='ltr'>repli-</span> 
     </span>
     <span class='ocr_line' id='line_1_18' title="bbox 132 1063 1703 1116; baseline 0.002 -14"><span class='ocrx_word' id='word_1_185' title='bbox 132 1074 216 1115; x_wconf 84' lang='lat' dir='ltr'>q-ua</span> <span class='ocrx_word' id='word_1_186' title='bbox 234 1063 276 1103; x_wconf 87' lang='grc'>18</span> <span class='ocrx_word' id='word_1_187' title='bbox 293 1064 454 1115; x_wconf 82' lang='lat' dir='ltr'>vierge,</span> <span class='ocrx_word' id='word_1_188' title='bbox 477 1064 569 1116; x_wconf 89' lang='lat' dir='ltr'>plus</span> <span class='ocrx_word' id='word_1_189' title='bbox 589 1076 671 1116; x_wconf 90' lang='lat' dir='ltr'>que</span> <span class='ocrx_word' id='word_1_190' title='bbox 691 1076 791 1104; x_wconf 89' lang='grc'><strong>1808</strong></span> <span class='ocrx_word' id='word_1_191' title='bbox 818 1076 950 1104; x_wconf 85' lang='lat' dir='ltr'>coeur.</span> <span class='ocrx_word' id='word_1_192' title='bbox 974 1086 1026 1093; x_wconf 94' lang='lat'>—</span> <span class='ocrx_word' id='word_1_193' title='bbox 1046 1063 1166 1111; x_wconf 81' lang='lat' dir='ltr'>Mais,</span> <span class='ocrx_word' id='word_1_194' title='bbox 1189 1064 1321 1116; x_wconf 85' lang='lat' dir='ltr'>reprit</span> <span class='ocrx_word' id='word_1_195' title='bbox 1351 1065 1486 1115; x_wconf 74' lang='grc'><strong>18888,</strong></span> <span class='ocrx_word' id='word_1_196' title='bbox 1506 1065 1558 1104; x_wconf 84' lang='grc'>(18</span> <span class='ocrx_word' id='word_1_197' title='bbox 1590 1076 1703 1105; x_wconf 87' lang='lat' dir='ltr'>com·</span> 
     </span>
     <span class='ocr_line' id='line_1_19' title="bbox 132 1128 1704 1182; baseline 0 -14"><span class='ocrx_word' id='word_1_198' title='bbox 132 1128 230 1168; x_wconf 86' lang='lat' dir='ltr'>bien</span> <span class='ocrx_word' id='word_1_199' title='bbox 250 1128 503 1168; x_wconf 78' lang='lat' dir='ltr'>m’aimes-tu</span> <span class='ocrx_word' id='word_1_200' title='bbox 523 1129 617 1182; x_wconf 86' lang='lat' dir='ltr'>plus</span> <span class='ocrx_word' id='word_1_201' title='bbox 638 1142 718 1182; x_wconf 90' lang='lat' dir='ltr'>que</span> <span class='ocrx_word' id='word_1_202' title='bbox 741 1132 812 1169; x_wconf 88' lang='lat' dir='ltr'>ton</span> <span class='ocrx_word' id='word_1_203' title='bbox 831 1129 974 1169; x_wconf 81' lang='lat' dir='ltr'>coeur?</span> <span class='ocrx_word' id='word_1_204' title='bbox 994 1152 1048 1159; x_wconf 93' lang='lat'>—</span> <span class='ocrx_word' id='word_1_205' title='bbox 1065 1130 1114 1169; x_wconf 84' lang='lat' dir='ltr'>Je</span> <span class='ocrx_word' id='word_1_206' title='bbox 1134 1141 1186 1169; x_wconf 89' lang='grc'>88</span> <span class='ocrx_word' id='word_1_207' title='bbox 1206 1130 1287 1168; x_wconf 86' lang='grc'><strong>8818</strong></span> <span class='ocrx_word' id='word_1_208' title='bbox 1308 1130 1345 1168; x_wconf 95' lang='grc'>18</span> <span class='ocrx_word' id='word_1_209' title='bbox 1379 1130 1484 1178; x_wconf 83' lang='grc'><strong>(1118,</strong></span> <span class='ocrx_word' id='word_1_210' title='bbox 1507 1129 1704 1181; x_wconf 80' lang='lat' dir='ltr'>repondit</span> 
     </span>
     <span class='ocr_line' id='line_1_20' title="bbox 134 1193 1705 1247; baseline 0.002 -15"><span class='ocrx_word' id='word_1_211' title='bbox 134 1194 175 1233; x_wconf 84' lang='grc'>18</span> <span class='ocrx_word' id='word_1_212' title='bbox 194 1193 352 1245; x_wconf 83' lang='lat' dir='ltr'>vierge,</span> <span class='ocrx_word' id='word_1_213' title='bbox 378 1206 458 1246; x_wconf 85' lang='lat' dir='ltr'>que</span> <span class='ocrx_word' id='word_1_214' title='bbox 477 1206 578 1234; x_wconf 91' lang='lat' dir='ltr'>mon</span> <span class='ocrx_word' id='word_1_215' title='bbox 597 1207 715 1234; x_wconf 86' lang='lat' dir='ltr'>coeur</span> <span class='ocrx_word' id='word_1_216' title='bbox 731 1194 850 1247; x_wconf 88' lang='lat' dir='ltr'>parle</span> <span class='ocrx_word' id='word_1_217' title='bbox 870 1194 1113 1234; x_wconf 77' lang='lat' dir='ltr'>lui-meme.</span> <span class='ocrx_word' id='word_1_218' title='bbox 1139 1210 1157 1230; x_wconf 73' lang='lat' dir='ltr'>n</span> <span class='ocrx_word' id='word_1_219' title='bbox 1178 1195 1230 1234; x_wconf 83' lang='lat' dir='ltr'>Et</span> <span class='ocrx_word' id='word_1_220' title='bbox 1262 1206 1336 1234; x_wconf 81' lang='lat' dir='ltr'>son</span> <span class='ocrx_word' id='word_1_221' title='bbox 1370 1207 1485 1233; x_wconf 88' lang='lat' dir='ltr'>coeur</span> <span class='ocrx_word' id='word_1_222' title='bbox 1515 1207 1559 1234; x_wconf 85' lang='lat' dir='ltr'>se</span> <span class='ocrx_word' id='word_1_223' title='bbox 1593 1194 1705 1235; x_wconf 73' lang='lat' dir='ltr'>brine</span> 
     </span>
     <span class='ocr_line' id='line_1_21' title="bbox 131 1258 1703 1300; baseline 0.001 -2"><span class='ocrx_word' id='word_1_224' title='bbox 131 1269 229 1298; x_wconf 79' lang='lat' dir='ltr'>sous</span> <span class='ocrx_word' id='word_1_225' title='bbox 248 1258 399 1298; x_wconf 82' lang='lat' dir='ltr'>l&#39;effort</span> <span class='ocrx_word' id='word_1_226' title='bbox 419 1259 469 1299; x_wconf 91' lang='lat' dir='ltr'>de</span> <span class='ocrx_word' id='word_1_227' title='bbox 489 1260 530 1299; x_wconf 84' lang='grc'>18</span> <span class='ocrx_word' id='word_1_228' title='bbox 547 1260 735 1300; x_wconf 81' lang='lat' dir='ltr'>violence</span> <span class='ocrx_word' id='word_1_229' title='bbox 755 1260 963 1300; x_wconf 86' lang='lat' dir='ltr'>d&#39;amour.</span> <span class='ocrx_word' id='word_1_230' title='bbox 985 1262 1050 1300; x_wconf 89' lang='lat' dir='ltr'>On</span> <span class='ocrx_word' id='word_1_231' title='bbox 1082 1260 1143 1298; x_wconf 89' lang='lat' dir='ltr'>vit</span> <span class='ocrx_word' id='word_1_232' title='bbox 1174 1260 1286 1298; x_wconf 85' lang='lat' dir='ltr'>alors</span> <span class='ocrx_word' id='word_1_233' title='bbox 1315 1259 1357 1299; x_wconf 84' lang='grc'>18</span> <span class='ocrx_word' id='word_1_234' title='bbox 1388 1259 1703 1300; x_wconf 80' lang='lat' dir='ltr'>Bienlieureuse</span> 
     </span>
     <span class='ocr_line' id='line_1_22' title="bbox 131 1324 1703 1377; baseline 0.002 -14"><span class='ocrx_word' id='word_1_235' title='bbox 131 1324 286 1375; x_wconf 72' lang='lat' dir='ltr'>vierge</span> <span class='ocrx_word' id='word_1_236' title='bbox 305 1324 435 1364; x_wconf 87' lang='lat' dir='ltr'>Marie</span> <span class='ocrx_word' id='word_1_237' title='bbox 455 1326 634 1377; x_wconf 79' lang='lat' dir='ltr'>prendre</span> <span class='ocrx_word' id='word_1_238' title='bbox 654 1328 769 1366; x_wconf 85' lang='lat' dir='ltr'>entre</span> <span class='ocrx_word' id='word_1_239' title='bbox 789 1337 854 1366; x_wconf 88' lang='lat' dir='ltr'>ses</span> <span class='ocrx_word' id='word_1_240' title='bbox 873 1324 1011 1365; x_wconf 87' lang='lat' dir='ltr'>mains</span> <span class='ocrx_word' id='word_1_241' title='bbox 1031 1325 1157 1364; x_wconf 74' lang='lat' dir='ltr'>l&#39;ame</span> <span class='ocrx_word' id='word_1_242' title='bbox 1182 1324 1233 1364; x_wconf 90' lang='lat' dir='ltr'>de</span> <span class='ocrx_word' id='word_1_243' title='bbox 1266 1325 1306 1363; x_wconf 87' lang='lat' dir='ltr'>la</span> <span class='ocrx_word' id='word_1_244' title='bbox 1334 1325 1464 1376; x_wconf 84' lang='lat' dir='ltr'>jeune</span> <span class='ocrx_word' id='word_1_245' title='bbox 1492 1325 1627 1364; x_wconf 82' lang='lat' dir='ltr'>sainte</span> <span class='ocrx_word' id='word_1_246' title='bbox 1658 1327 1703 1366; x_wconf 71' lang='lat' dir='ltr'>et</span> 
     </span>
     <span class='ocr_line' id='line_1_23' title="bbox 132 1388 1704 1443; baseline 0.001 -14"><span class='ocrx_word' id='word_1_247' title='bbox 132 1388 374 1442; x_wconf 86' lang='lat' dir='ltr'>l&#39;emporter</span> <span class='ocrx_word' id='word_1_248' title='bbox 391 1403 444 1429; x_wconf 83' lang='lat' dir='ltr'>au</span> <span class='ocrx_word' id='word_1_249' title='bbox 465 1391 556 1438; x_wconf 88' lang='lat' dir='ltr'>ciel,</span> <span class='ocrx_word' id='word_1_250' title='bbox 573 1390 711 1443; x_wconf 86' lang='lat' dir='ltr'>parmi</span> <span class='ocrx_word' id='word_1_251' title='bbox 731 1392 790 1430; x_wconf 90' lang='grc'>188</span> <span class='ocrx_word' id='word_1_252' title='bbox 821 1390 969 1430; x_wconf 87' lang='lat' dir='ltr'>chants</span> <span class='ocrx_word' id='word_1_253' title='bbox 988 1391 1061 1429; x_wconf 84' lang='lat' dir='ltr'>des</span> <span class='ocrx_word' id='word_1_254' title='bbox 1080 1392 1238 1441; x_wconf 79' lang='lat' dir='ltr'>Auges.</span> <span class='ocrx_word' id='word_1_255' title='bbox 1262 1392 1318 1429; x_wconf 85' lang='lat' dir='ltr'>La</span> <span class='ocrx_word' id='word_1_256' title='bbox 1349 1390 1523 1438; x_wconf 73' lang='grc'><strong>18181118,</strong></span> <span class='ocrx_word' id='word_1_257' title='bbox 1549 1390 1704 1431; x_wconf 73' lang='grc'><strong>8111188</strong></span> 
     </span>
     <span class='ocr_line' id='line_1_24' title="bbox 132 1454 1705 1508; baseline 0.001 -14"><span class='ocrx_word' id='word_1_258' title='bbox 132 1465 210 1507; x_wconf 78' lang='lat' dir='ltr'>par</span> <span class='ocrx_word' id='word_1_259' title='bbox 228 1466 273 1494; x_wconf 93' lang='lat' dir='ltr'>ce</span> <span class='ocrx_word' id='word_1_260' title='bbox 293 1458 461 1495; x_wconf 79' lang='lat' dir='ltr'>concert</span> <span class='ocrx_word' id='word_1_261' title='bbox 480 1456 721 1508; x_wconf 74' lang='lat' dir='ltr'>angelique,</span> <span class='ocrx_word' id='word_1_262' title='bbox 746 1459 895 1495; x_wconf 86' lang='lat' dir='ltr'>trouva</span> <span class='ocrx_word' id='word_1_263' title='bbox 914 1455 955 1495; x_wconf 88' lang='grc'>18</span> <span class='ocrx_word' id='word_1_264' title='bbox 970 1454 1100 1507; x_wconf 89' lang='lat' dir='ltr'>jeune</span> <span class='ocrx_word' id='word_1_265' title='bbox 1130 1454 1216 1494; x_wconf 88' lang='lat' dir='ltr'>fille</span> <span class='ocrx_word' id='word_1_266' title='bbox 1249 1460 1383 1494; x_wconf 83' lang='lat' dir='ltr'>morte</span> <span class='ocrx_word' id='word_1_267' title='bbox 1416 1457 1458 1493; x_wconf 85' lang='grc'>81</span> <span class='ocrx_word' id='word_1_268' title='bbox 1492 1454 1705 1496; x_wconf 80' lang='lat' dir='ltr'>l’oratoire</span> 
     </span>
     <span class='ocr_line' id='line_1_25' title="bbox 132 1519 1701 1572; baseline 0.001 -13"><span class='ocrx_word' id='word_1_269' title='bbox 132 1519 282 1571; x_wconf 87' lang='lat' dir='ltr'>rempli</span> <span class='ocrx_word' id='word_1_270' title='bbox 303 1520 428 1559; x_wconf 89' lang='lat' dir='ltr'>d&#39;une</span> <span class='ocrx_word' id='word_1_271' title='bbox 447 1521 578 1560; x_wconf 88' lang='lat' dir='ltr'>odeur</span> <span class='ocrx_word' id='word_1_272' title='bbox 598 1521 808 1560; x_wconf 84' lang='lat' dir='ltr'>ineffable.</span> <span class='ocrx_word' id='word_1_273' title='bbox 831 1520 932 1560; x_wconf 88' lang='lat' dir='ltr'>Plus</span> <span class='ocrx_word' id='word_1_274' title='bbox 950 1520 1045 1560; x_wconf 84' lang='lat' dir='ltr'>tard</span> <span class='ocrx_word' id='word_1_275' title='bbox 1074 1519 1135 1559; x_wconf 88' lang='lat' dir='ltr'>les</span> <span class='ocrx_word' id='word_1_276' title='bbox 1167 1520 1314 1559; x_wconf 75' lang='lat' dir='ltr'>Freres</span> <span class='ocrx_word' id='word_1_277' title='bbox 1342 1519 1394 1559; x_wconf 88' lang='lat' dir='ltr'>de</span> <span class='ocrx_word' id='word_1_278' title='bbox 1426 1519 1602 1568; x_wconf 85' lang='lat' dir='ltr'>l’Ordre‚</span> <span class='ocrx_word' id='word_1_279' title='bbox 1625 1520 1701 1572; x_wconf 89' lang='lat' dir='ltr'>qui</span> 
     </span>
     <span class='ocr_line' id='line_1_26' title="bbox 131 1584 1705 1638; baseline 0.001 -15"><span class='ocrx_word' id='word_1_280' title='bbox 131 1584 291 1624; x_wconf 80' lang='lat' dir='ltr'>etaient</span> <span class='ocrx_word' id='word_1_281' title='bbox 309 1585 363 1634; x_wconf 73' lang='lat' dir='ltr'>la,</span> <span class='ocrx_word' id='word_1_282' title='bbox 386 1585 508 1625; x_wconf 87' lang='lat' dir='ltr'>firent</span> <span class='ocrx_word' id='word_1_283' title='bbox 528 1585 633 1625; x_wconf 82' lang='lat' dir='ltr'>faire</span> <span class='ocrx_word' id='word_1_284' title='bbox 654 1586 873 1638; x_wconf 87' lang='lat' dir='ltr'>l&#39;autopsie</span> <span class='ocrx_word' id='word_1_285' title='bbox 888 1585 939 1624; x_wconf 91' lang='lat' dir='ltr'>de</span> <span class='ocrx_word' id='word_1_286' title='bbox 960 1597 1006 1624; x_wconf 89' lang='lat' dir='ltr'>sa</span> <span class='ocrx_word' id='word_1_287' title='bbox 1024 1584 1206 1636; x_wconf 88' lang='lat' dir='ltr'>poitrine</span> <span class='ocrx_word' id='word_1_288' title='bbox 1221 1596 1327 1636; x_wconf 90' lang='lat' dir='ltr'>pour</span> <span class='ocrx_word' id='word_1_289' title='bbox 1341 1584 1506 1624; x_wconf 84' lang='lat' dir='ltr'>etudier</span> <span class='ocrx_word' id='word_1_290' title='bbox 1521 1585 1561 1624; x_wconf 82' lang='lat' dir='ltr'>la</span> <span class='ocrx_word' id='word_1_291' title='bbox 1580 1596 1705 1624; x_wconf 86' lang='lat' dir='ltr'>cause</span> 
     </span>
     <span class='ocr_line' id='line_1_27' title="bbox 131 1649 1703 1699; baseline 0.001 -10"><span class='ocrx_word' id='word_1_292' title='bbox 131 1649 257 1690; x_wconf 79' lang='lat' dir='ltr'>d’une</span> <span class='ocrx_word' id='word_1_293' title='bbox 277 1653 389 1690; x_wconf 83' lang='lat' dir='ltr'>mort</span> <span class='ocrx_word' id='word_1_294' title='bbox 407 1650 442 1690; x_wconf 89' lang='grc'>81</span> <span class='ocrx_word' id='word_1_295' title='bbox 461 1650 613 1699; x_wconf 89' lang='lat' dir='ltr'>subite,</span> <span class='ocrx_word' id='word_1_296' title='bbox 625 1654 667 1691; x_wconf 84' lang='grc'>81</span> <span class='ocrx_word' id='word_1_297' title='bbox 686 1651 736 1690; x_wconf 89' lang='grc'>118</span> <span class='ocrx_word' id='word_1_298' title='bbox 754 1652 999 1691; x_wconf 80' lang='lat' dir='ltr'>trouverent</span> <span class='ocrx_word' id='word_1_299' title='bbox 1018 1650 1142 1690; x_wconf 82' lang='grc'><strong>881118</strong></span> <span class='ocrx_word' id='word_1_300' title='bbox 1161 1661 1213 1690; x_wconf 90' lang='grc'>88</span> <span class='ocrx_word' id='word_1_301' title='bbox 1234 1650 1379 1690; x_wconf 86' lang='lat' dir='ltr'>lettres</span> <span class='ocrx_word' id='word_1_302' title='bbox 1399 1650 1489 1689; x_wconf 89' lang='lat' dir='ltr'>d&#39;or</span> <span class='ocrx_word' id='word_1_303' title='bbox 1503 1650 1607 1690; x_wconf 86' lang='grc'><strong>(1888</strong></span> <span class='ocrx_word' id='word_1_304' title='bbox 1626 1661 1703 1690; x_wconf 83' lang='lat' dir='ltr'>son</span> 
     </span>
     <span class='ocr_line' id='line_1_28' title="bbox 130 1716 1707 1768; baseline 0.001 -13"><span class='ocrx_word' id='word_1_305' title='bbox 130 1725 246 1755; x_wconf 79' lang='lat' dir='ltr'>eoeur</span> <span class='ocrx_word' id='word_1_306' title='bbox 275 1727 342 1755; x_wconf 90' lang='lat' dir='ltr'>ces</span> <span class='ocrx_word' id='word_1_307' title='bbox 373 1720 480 1755; x_wconf 88' lang='lat' dir='ltr'>mots</span> <span class='ocrx_word' id='word_1_308' title='bbox 504 1727 513 1755; x_wconf 91' lang='lat'>:</span> <span class='ocrx_word' id='word_1_309' title='bbox 539 1732 559 1753; x_wconf 89' lang='lat'>«</span> <span class='ocrx_word' id='word_1_310' title='bbox 579 1716 601 1756; x_wconf 89' lang='lat' dir='ltr'>J</span> <span class='ocrx_word' id='word_1_311' title='bbox 607 1728 628 1755; x_wconf 91' lang='lat' dir='ltr'>e</span> <span class='ocrx_word' id='word_1_312' title='bbox 661 1728 762 1755; x_wconf 89' lang='lat' dir='ltr'>vous</span> <span class='ocrx_word' id='word_1_313' title='bbox 794 1716 903 1756; x_wconf 85' lang='lat' dir='ltr'>aime</span> <span class='ocrx_word' id='word_1_314' title='bbox 932 1716 1027 1768; x_wconf 81' lang='lat' dir='ltr'>plus</span> <span class='ocrx_word' id='word_1_315' title='bbox 1064 1727 1146 1768; x_wconf 88' lang='lat' dir='ltr'>que</span> <span class='ocrx_word' id='word_1_316' title='bbox 1184 1717 1284 1765; x_wconf 91' lang='lat' dir='ltr'>moi,</span> <span class='ocrx_word' id='word_1_317' title='bbox 1324 1726 1447 1767; x_wconf 84' lang='lat' dir='ltr'>parce</span> <span class='ocrx_word' id='word_1_318' title='bbox 1485 1726 1566 1767; x_wconf 91' lang='lat' dir='ltr'>que</span> <span class='ocrx_word' id='word_1_319' title='bbox 1601 1725 1707 1756; x_wconf 76' lang='lat' dir='ltr'>vom</span> 
     </span>
     <span class='ocr_line' id='line_1_29' title="bbox 133 1780 875 1830; baseline 0.001 -11"><span class='ocrx_word' id='word_1_320' title='bbox 133 1780 291 1819; x_wconf 83' lang='lat' dir='ltr'>m’avez</span> <span class='ocrx_word' id='word_1_321' title='bbox 309 1782 442 1830; x_wconf 78' lang='lat' dir='ltr'>creee,</span> <span class='ocrx_word' id='word_1_322' title='bbox 464 1781 672 1830; x_wconf 72' lang='grc'><strong>18888188,</strong></span> <span class='ocrx_word' id='word_1_323' title='bbox 693 1781 829 1821; x_wconf 83' lang='lat' dir='ltr'>dotee.</span> <span class='ocrx_word' id='word_1_324' title='bbox 856 1796 875 1816; x_wconf 81' lang='grc'><strong>»</strong></span> 
     </span>
    </p>
   </div>
   <div class='ocr_carea' id='block_1_4' title="bbox 133 1903 899 2036">
    <p class='ocr_par' dir='ltr' id='par_1_5' title="bbox 133 1903 899 2036">
     <span class='ocr_line' id='line_1_30' title="bbox 135 1903 897 1951; baseline 0.003 -12"><span class='ocrx_word' id='word_1_325' title='bbox 135 1907 275 1939; x_wconf 74' lang='grc'><strong>1881818</strong></span> <span class='ocrx_word' id='word_1_326' title='bbox 295 1903 508 1940; x_wconf 76' lang='lat' dir='ltr'>dilectionis</span> <span class='ocrx_word' id='word_1_327' title='bbox 530 1906 736 1951; x_wconf 79' lang='lat' dir='ltr'>rependunt</span> <span class='ocrx_word' id='word_1_328' title='bbox 768 1905 897 1941; x_wconf 77' lang='lat' dir='ltr'>Chris-</span> 
     </span>
     <span class='ocr_line' id='line_1_31' title="bbox 133 1951 899 1997; baseline 0.003 -11"><span class='ocrx_word' id='word_1_329' title='bbox 133 1955 171 1986; x_wconf 84' lang='lat' dir='ltr'>to</span> <span class='ocrx_word' id='word_1_330' title='bbox 191 1951 328 1987; x_wconf 69' lang='lat' dir='ltr'>animae</span> <span class='ocrx_word' id='word_1_331' title='bbox 362 1951 445 1997; x_wconf 80' lang='lat' dir='ltr'>piae.</span> <span class='ocrx_word' id='word_1_332' title='bbox 466 1951 568 1988; x_wconf 84' lang='lat' dir='ltr'>Unde</span> <span class='ocrx_word' id='word_1_333' title='bbox 588 1953 791 1997; x_wconf 73' lang='lat' dir='ltr'>contigisse</span> <span class='ocrx_word' id='word_1_334' title='bbox 830 1953 899 1988; x_wconf 89' lang='lat' dir='ltr'>ini-</span> 
     </span>
     <span class='ocr_line' id='line_1_32' title="bbox 134 1998 896 2036; baseline 0.003 -2"><span class='ocrx_word' id='word_1_335' title='bbox 134 1998 185 2034; x_wconf 80' lang='lat' dir='ltr'>tio</span> <span class='ocrx_word' id='word_1_336' title='bbox 228 1998 380 2034; x_wconf 85' lang='lat' dir='ltr'>Ordinis</span> <span class='ocrx_word' id='word_1_337' title='bbox 430 2000 719 2036; x_wconf 82' lang='lat' dir='ltr'>Praedicatorum</span> <span class='ocrx_word' id='word_1_338' title='bbox 769 2011 896 2036; x_wconf 64' lang='grc'><strong>88818-</strong></span> 
     </span>
    </p>
   </div>
   <div class='ocr_carea' id='block_1_5' title="bbox 939 1905 1703 2046">
    <p class='ocr_par' dir='ltr' id='par_1_6' title="bbox 939 1905 1703 2046">
     <span class='ocr_line' id='line_1_33' title="bbox 939 1905 1699 1951; baseline -0.004 -11"><span class='ocrx_word' id='word_1_339' title='bbox 939 1905 1032 1941; x_wconf 85' lang='lat' dir='ltr'>illa:</span> <span class='ocrx_word' id='word_1_340' title='bbox 1067 1918 1080 1935; x_wconf 75' lang='lat'>‹1</span> <span class='ocrx_word' id='word_1_341' title='bbox 1104 1905 1303 1951; x_wconf 81' lang='lat' dir='ltr'>Plusquam</span> <span class='ocrx_word' id='word_1_342' title='bbox 1336 1915 1472 1950; x_wconf 86' lang='lat' dir='ltr'>corpus</span> <span class='ocrx_word' id='word_1_343' title='bbox 1506 1915 1646 1941; x_wconf 83' lang='lat' dir='ltr'>mcum.</span> <span class='ocrx_word' id='word_1_344' title='bbox 1686 1920 1699 1937; x_wconf 74' lang='grc' dir='ltr'>ι.</span> 
     </span>
     <span class='ocr_line' id='line_1_34' title="bbox 941 1952 1703 1998; baseline 0.001 -11"><span class='ocrx_word' id='word_1_345' title='bbox 941 1955 1076 1988; x_wconf 90' lang='grc'><strong>1181818</strong></span> <span class='ocrx_word' id='word_1_346' title='bbox 1100 1963 1191 1997; x_wconf 79' lang='lat' dir='ltr'>puer</span> <span class='ocrx_word' id='word_1_347' title='bbox 1213 1963 1220 1987; x_wconf 78' lang='lat' dir='ltr'><strong><em>z</em></strong></span> <span class='ocrx_word' id='word_1_348' title='bbox 1249 1965 1263 1983; x_wconf 80' lang='lat'>«</span> <span class='ocrx_word' id='word_1_349' title='bbox 1287 1953 1341 1988; x_wconf 82' lang='lat' dir='ltr'>An</span> <span class='ocrx_word' id='word_1_350' title='bbox 1363 1963 1440 1988; x_wconf 88' lang='lat' dir='ltr'>non</span> <span class='ocrx_word' id='word_1_351' title='bbox 1462 1952 1547 1998; x_wconf 91' lang='lat' dir='ltr'>plus</span> <span class='ocrx_word' id='word_1_352' title='bbox 1574 1952 1703 1998; x_wconf 80' lang='lat' dir='ltr'>diligis</span> 
     </span>
     <span class='ocr_line' id='line_1_35' title="bbox 939 1999 1702 2046; baseline 0.001 -11"><span class='ocrx_word' id='word_1_353' title='bbox 939 2002 1027 2036; x_wconf 84' lang='lat' dir='ltr'>mc?</span> <span class='ocrx_word' id='word_1_354' title='bbox 1051 2015 1063 2031; x_wconf 88' lang='lat'>»</span> <span class='ocrx_word' id='word_1_355' title='bbox 1091 2001 1181 2040; x_wconf 80' lang='grc'><strong>1180,</strong></span> <span class='ocrx_word' id='word_1_356' title='bbox 1218 2000 1338 2046; x_wconf 84' lang='lat' dir='ltr'>iuquit</span> <span class='ocrx_word' id='word_1_357' title='bbox 1368 2000 1458 2044; x_wconf 80' lang='lat' dir='ltr'>ipsa,</span> <span class='ocrx_word' id='word_1_358' title='bbox 1487 2015 1499 2031; x_wconf 79' lang='grc' dir='ltr'>α</span> <span class='ocrx_word' id='word_1_359' title='bbox 1524 2004 1557 2035; x_wconf 88' lang='grc'>81</span> <span class='ocrx_word' id='word_1_360' title='bbox 1592 1999 1702 2045; x_wconf 85' lang='lat' dir='ltr'>plus-</span> 
     </span>
    </p>
   </div>
   <div class='ocr_carea' id='block_1_6' title="bbox 107 2044 896 2998">
    <p class='ocr_par' dir='ltr' id='par_1_7' title="bbox 107 2044 896 2998">
     <span class='ocr_line' id='line_1_36' title="bbox 132 2044 894 2093; baseline 0.003 -12"><span class='ocrx_word' id='word_1_361' title='bbox 132 2044 239 2092; x_wconf 60' lang='grc'><strong>81818</strong></span> <span class='ocrx_word' id='word_1_362' title='bbox 259 2047 413 2091; x_wconf 83' lang='lat' dir='ltr'>perfecti</span> <span class='ocrx_word' id='word_1_363' title='bbox 435 2048 574 2083; x_wconf 85' lang='lat' dir='ltr'>amoris</span> <span class='ocrx_word' id='word_1_364' title='bbox 594 2047 690 2084; x_wconf 80' lang='lat' dir='ltr'>istud</span> <span class='ocrx_word' id='word_1_365' title='bbox 722 2048 894 2093; x_wconf 78' lang='lat' dir='ltr'>legimus.</span> 
     </span>
     <span class='ocr_line' id='line_1_37' title="bbox 182 2092 895 2141; baseline 0 -10"><span class='ocrx_word' id='word_1_366' title='bbox 182 2092 329 2131; x_wconf 89' lang='lat' dir='ltr'>Nobilis</span> <span class='ocrx_word' id='word_1_367' title='bbox 365 2095 538 2139; x_wconf 65' lang='lat' dir='ltr'>quaedam</span> <span class='ocrx_word' id='word_1_368' title='bbox 571 2096 675 2141; x_wconf 75' lang='lat' dir='ltr'>virgo</span> <span class='ocrx_word' id='word_1_369' title='bbox 706 2106 895 2131; x_wconf 86' lang='lat' dir='ltr'>annorum</span> 
     </span>
     <span class='ocr_line' id='line_1_38' title="bbox 131 2141 895 2189; baseline 0.005 -14"><span class='ocrx_word' id='word_1_370' title='bbox 131 2141 430 2187; x_wconf 83' lang='lat' dir='ltr'>quatuordecim,</span> <span class='ocrx_word' id='word_1_371' title='bbox 462 2143 581 2178; x_wconf 75' lang='lat' dir='ltr'>Beatae</span> <span class='ocrx_word' id='word_1_372' title='bbox 602 2142 727 2179; x_wconf 86' lang='lat' dir='ltr'>Mariae</span> <span class='ocrx_word' id='word_1_373' title='bbox 749 2143 895 2189; x_wconf 81' lang='lat' dir='ltr'>Virgini</span> 
     </span>
     <span class='ocr_line' id='line_1_39' title="bbox 132 2187 896 2237; baseline 0.004 -13"><span class='ocrx_word' id='word_1_374' title='bbox 132 2187 239 2224; x_wconf 78' lang='lat' dir='ltr'>valde</span> <span class='ocrx_word' id='word_1_375' title='bbox 258 2188 404 2232; x_wconf 83' lang='lat' dir='ltr'>devota,</span> <span class='ocrx_word' id='word_1_376' title='bbox 422 2190 615 2227; x_wconf 83' lang='lat' dir='ltr'>continuis</span> <span class='ocrx_word' id='word_1_377' title='bbox 629 2195 771 2237; x_wconf 86' lang='lat' dir='ltr'>septem</span> <span class='ocrx_word' id='word_1_378' title='bbox 783 2192 896 2227; x_wconf 86' lang='lat' dir='ltr'>annis</span> 
     </span>
     <span class='ocr_line' id='line_1_40' title="bbox 130 2234 895 2284; baseline 0.003 -12"><span class='ocrx_word' id='word_1_379' title='bbox 130 2234 271 2272; x_wconf 87' lang='lat' dir='ltr'>obnixe</span> <span class='ocrx_word' id='word_1_380' title='bbox 297 2236 536 2284; x_wconf 78' lang='lat' dir='ltr'>efflagitabat,</span> <span class='ocrx_word' id='word_1_381' title='bbox 554 2243 592 2274; x_wconf 86' lang='lat' dir='ltr'>ut</span> <span class='ocrx_word' id='word_1_382' title='bbox 612 2238 828 2284; x_wconf 82' lang='lat' dir='ltr'>dignaretur</span> <span class='ocrx_word' id='word_1_383' title='bbox 849 2238 895 2274; x_wconf 82' lang='lat' dir='ltr'>fi-</span> 
     </span>
     <span class='ocr_line' id='line_1_41' title="bbox 107 2281 894 2331; baseline 0.004 -12"><span class='ocrx_word' id='word_1_384' title='bbox 107 2306 109 2310; x_wconf 87' lang='lat'><em>.</em></span> <span class='ocrx_word' id='word_1_385' title='bbox 132 2281 226 2319; x_wconf 81' lang='lat' dir='ltr'>lium</span> <span class='ocrx_word' id='word_1_386' title='bbox 242 2285 593 2328; x_wconf 84' lang='lat' dir='ltr'>suum‚auimarum</span> <span class='ocrx_word' id='word_1_387' title='bbox 615 2286 894 2331; x_wconf 81' lang='lat' dir='ltr'>sponsum‚sit›i</span> 
     </span>
     <span class='ocr_line' id='line_1_42' title="bbox 132 2331 896 2377; baseline 0.004 -11"><span class='ocrx_word' id='word_1_388' title='bbox 132 2331 385 2369; x_wconf 75' lang='lat' dir='ltr'>manifestare.</span> <span class='ocrx_word' id='word_1_389' title='bbox 397 2333 565 2377; x_wconf 79' lang='lat' dir='ltr'>Quadam</span> <span class='ocrx_word' id='word_1_390' title='bbox 578 2334 705 2377; x_wconf 66' lang='lat' dir='ltr'>vigilia</span> <span class='ocrx_word' id='word_1_391' title='bbox 721 2333 896 2371; x_wconf 85' lang='lat' dir='ltr'>Nativita-</span> 
     </span>
     <span class='ocr_line' id='line_1_43' title="bbox 133 2377 894 2426; baseline 0.004 -12"><span class='ocrx_word' id='word_1_392' title='bbox 133 2377 181 2414; x_wconf 82' lang='lat' dir='ltr'>tis</span> <span class='ocrx_word' id='word_1_393' title='bbox 199 2388 288 2414; x_wconf 86' lang='lat' dir='ltr'>cum</span> <span class='ocrx_word' id='word_1_394' title='bbox 313 2380 392 2416; x_wconf 85' lang='lat' dir='ltr'>sola</span> <span class='ocrx_word' id='word_1_395' title='bbox 406 2382 593 2426; x_wconf 77' lang='lat' dir='ltr'>quoddam</span> <span class='ocrx_word' id='word_1_396' title='bbox 608 2381 821 2417; x_wconf 86' lang='lat' dir='ltr'>Oratorium</span> <span class='ocrx_word' id='word_1_397' title='bbox 841 2382 894 2418; x_wconf 93' lang='lat' dir='ltr'>in-</span> 
     </span>
     <span class='ocr_line' id='line_1_44' title="bbox 133 2428 893 2479; baseline 0.007 -19"><span class='ocrx_word' id='word_1_398' title='bbox 133 2428 278 2479; x_wconf 59' lang='grc'><strong>11318881,</strong></span> <span class='ocrx_word' id='word_1_399' title='bbox 294 2428 467 2473; x_wconf 79' lang='lat' dir='ltr'>apparuit</span> <span class='ocrx_word' id='word_1_400' title='bbox 485 2429 519 2464; x_wconf 89' lang='lat' dir='ltr'>ei</span> <span class='ocrx_word' id='word_1_401' title='bbox 535 2429 651 2465; x_wconf 84' lang='lat' dir='ltr'>Maria</span> <span class='ocrx_word' id='word_1_402' title='bbox 671 2429 787 2465; x_wconf 82' lang='lat' dir='ltr'>Mater</span> <span class='ocrx_word' id='word_1_403' title='bbox 807 2439 893 2466; x_wconf 93' lang='lat' dir='ltr'>cum</span> 
     </span>
     <span class='ocr_line' id='line_1_45' title="bbox 136 2471 891 2522; baseline 0.007 -15"><span class='ocrx_word' id='word_1_404' title='bbox 136 2471 230 2508; x_wconf 77' lang='lat' dir='ltr'>Filio</span> <span class='ocrx_word' id='word_1_405' title='bbox 268 2483 308 2509; x_wconf 88' lang='grc'>18</span> <span class='ocrx_word' id='word_1_406' title='bbox 333 2475 509 2512; x_wconf 88' lang='lat' dir='ltr'>manibus</span> <span class='ocrx_word' id='word_1_407' title='bbox 546 2477 643 2519; x_wconf 82' lang='lat' dir='ltr'>suis,</span> <span class='ocrx_word' id='word_1_408' title='bbox 683 2477 848 2522; x_wconf 83' lang='lat' dir='ltr'>dicitque</span> <span class='ocrx_word' id='word_1_409' title='bbox 884 2487 891 2512; x_wconf 90' lang='lat'>:</span> 
     </span>
     <span class='ocr_line' id='line_1_46' title="bbox 137 2518 893 2573; baseline 0.008 -19"><span class='ocrx_word' id='word_1_410' title='bbox 137 2518 233 2573; x_wconf 45' lang='lat' dir='ltr'>{En</span> <span class='ocrx_word' id='word_1_411' title='bbox 255 2519 355 2556; x_wconf 85' lang='lat' dir='ltr'>filius</span> <span class='ocrx_word' id='word_1_412' title='bbox 374 2532 479 2559; x_wconf 84' lang='lat' dir='ltr'>meus</span> <span class='ocrx_word' id='word_1_413' title='bbox 505 2528 699 2570; x_wconf 83' lang='lat' dir='ltr'>tantopere</span> <span class='ocrx_word' id='word_1_414' title='bbox 718 2535 740 2559; x_wconf 88' lang='lat' dir='ltr'>a</span> <span class='ocrx_word' id='word_1_415' title='bbox 760 2528 795 2559; x_wconf 86' lang='grc'>18</span> <span class='ocrx_word' id='word_1_416' title='bbox 826 2524 893 2560; x_wconf 87' lang='grc'><strong>(18-</strong></span> 
     </span>
     <span class='ocr_line' id='line_1_47' title="bbox 133 2566 895 2620; baseline 0.008 -19"><span class='ocrx_word' id='word_1_417' title='bbox 133 2566 343 2620; x_wconf 76' lang='grc'><strong>818818188;</strong></span> <span class='ocrx_word' id='word_1_418' title='bbox 365 2570 539 2614; x_wconf 87' lang='lat' dir='ltr'>permitto</span> <span class='ocrx_word' id='word_1_419' title='bbox 561 2576 595 2608; x_wconf 88' lang='lat' dir='ltr'>te</span> <span class='ocrx_word' id='word_1_420' title='bbox 616 2582 703 2607; x_wconf 88' lang='lat' dir='ltr'>eum</span> <span class='ocrx_word' id='word_1_421' title='bbox 724 2572 764 2607; x_wconf 89' lang='grc'>18</span> <span class='ocrx_word' id='word_1_422' title='bbox 785 2571 895 2607; x_wconf 89' lang='lat' dir='ltr'>ulnas</span> 
     </span>
     <span class='ocr_line' id='line_1_48' title="bbox 131 2619 889 2660; baseline 0.004 -10"><span class='ocrx_word' id='word_1_423' title='bbox 131 2623 317 2660; x_wconf 79' lang='lat' dir='ltr'>accipere,</span> <span class='ocrx_word' id='word_1_424' title='bbox 351 2620 387 2652; x_wconf 91' lang='grc'>81</span> <span class='ocrx_word' id='word_1_425' title='bbox 418 2627 505 2654; x_wconf 88' lang='grc'><strong>8818</strong></span> <span class='ocrx_word' id='word_1_426' title='bbox 535 2629 580 2655; x_wconf 92' lang='lat' dir='ltr'>eo</span> <span class='ocrx_word' id='word_1_427' title='bbox 610 2619 845 2656; x_wconf 82' lang='lat' dir='ltr'>dissuaviari.</span> <span class='ocrx_word' id='word_1_428' title='bbox 876 2635 889 2653; x_wconf 71' lang='lat' dir='ltr'>n</span> 
     </span>
     <span class='ocr_line' id='line_1_49' title="bbox 132 2661 893 2711; baseline 0.008 -14"><span class='ocrx_word' id='word_1_429' title='bbox 132 2661 280 2708; x_wconf 76' lang='lat' dir='ltr'>Excipit</span> <span class='ocrx_word' id='word_1_430' title='bbox 319 2662 383 2698; x_wconf 84' lang='lat' dir='ltr'>illa</span> <span class='ocrx_word' id='word_1_431' title='bbox 421 2674 579 2709; x_wconf 83' lang='lat' dir='ltr'>puerum</span> <span class='ocrx_word' id='word_1_432' title='bbox 615 2677 704 2703; x_wconf 91' lang='lat' dir='ltr'>cum</span> <span class='ocrx_word' id='word_1_433' title='bbox 742 2667 893 2711; x_wconf 80' lang='lat' dir='ltr'>gaudio.</span> 
     </span>
     <span class='ocr_line' id='line_1_50' title="bbox 133 2709 894 2760; baseline 0.011 -17"><span class='ocrx_word' id='word_1_434' title='bbox 133 2709 431 2746; x_wconf 81' lang='lat' dir='ltr'>exosculandum</span> <span class='ocrx_word' id='word_1_435' title='bbox 450 2715 486 2748; x_wconf 88' lang='lat' dir='ltr'>et</span> <span class='ocrx_word' id='word_1_436' title='bbox 502 2714 679 2760; x_wconf 85' lang='lat' dir='ltr'>amplexu</span> <span class='ocrx_word' id='word_1_437' title='bbox 700 2714 894 2751; x_wconf 82' lang='lat' dir='ltr'>laetissimo</span> 
     </span>
     <span class='ocr_line' id='line_1_51' title="bbox 133 2754 894 2811; baseline 0.011 -21"><span class='ocrx_word' id='word_1_438' title='bbox 133 2754 350 2811; x_wconf 74' lang='lat' dir='ltr'>fovendum.</span> <span class='ocrx_word' id='word_1_439' title='bbox 373 2757 416 2793; x_wconf 81' lang='lat' dir='ltr'>At</span> <span class='ocrx_word' id='word_1_440' title='bbox 435 2768 523 2795; x_wconf 90' lang='lat' dir='ltr'>mox</span> <span class='ocrx_word' id='word_1_441' title='bbox 542 2761 576 2797; x_wconf 88' lang='grc'>81</span> <span class='ocrx_word' id='word_1_442' title='bbox 595 2772 688 2808; x_wconf 89' lang='lat' dir='ltr'>puer</span> <span class='ocrx_word' id='word_1_443' title='bbox 718 2761 816 2798; x_wconf 86' lang='lat' dir='ltr'>hanc</span> <span class='ocrx_word' id='word_1_444' title='bbox 849 2762 894 2798; x_wconf 87' lang='grc'>(18</span> 
     </span>
     <span class='ocr_line' id='line_1_52' title="bbox 130 2806 895 2856; baseline 0.012 -19"><span class='ocrx_word' id='word_1_445' title='bbox 130 2811 261 2856; x_wconf 76' lang='lat' dir='ltr'>amore</span> <span class='ocrx_word' id='word_1_446' title='bbox 279 2806 609 2852; x_wconf 77' lang='lat' dir='ltr'>interrogationem</span> <span class='ocrx_word' id='word_1_447' title='bbox 620 2809 709 2846; x_wconf 84' lang='lat' dir='ltr'>facit</span> <span class='ocrx_word' id='word_1_448' title='bbox 725 2820 733 2845; x_wconf 89' lang='grc'>;</span> <span class='ocrx_word' id='word_1_449' title='bbox 759 2824 774 2841; x_wconf 65' lang='grc' dir='ltr'><strong>α</strong></span> <span class='ocrx_word' id='word_1_450' title='bbox 800 2809 895 2845; x_wconf 88' lang='lat' dir='ltr'>Dili-</span> 
     </span>
     <span class='ocr_line' id='line_1_53' title="bbox 133 2853 892 2906; baseline 0.011 -21"><span class='ocrx_word' id='word_1_451' title='bbox 133 2859 242 2896; x_wconf 77' lang='lat' dir='ltr'>gxsne</span> <span class='ocrx_word' id='word_1_452' title='bbox 280 2853 372 2904; x_wconf 76' lang='lat' dir='ltr'>me?</span> <span class='ocrx_word' id='word_1_453' title='bbox 392 2868 424 2906; x_wconf 44' lang='lat'>·»</span> <span class='ocrx_word' id='word_1_454' title='bbox 457 2853 524 2890; x_wconf 87' lang='lat' dir='ltr'>Cui</span> <span class='ocrx_word' id='word_1_455' title='bbox 561 2857 759 2902; x_wconf 78' lang='lat' dir='ltr'>respondet</span> <span class='ocrx_word' id='word_1_456' title='bbox 796 2856 860 2892; x_wconf 83' lang='lat' dir='ltr'>itta</span> <span class='ocrx_word' id='word_1_457' title='bbox 884 2867 892 2892; x_wconf 91' lang='lat'>:</span> 
     </span>
     <span class='ocr_line' id='line_1_54' title="bbox 138 2896 895 2947; baseline 0.012 -15"><span class='ocrx_word' id='word_1_458' title='bbox 138 2908 154 2928; x_wconf 74' lang='grc' dir='ltr'>ι</span> <span class='ocrx_word' id='word_1_459' title='bbox 175 2896 344 2935; x_wconf 87' lang='grc'><strong>0188180</strong></span> <span class='ocrx_word' id='word_1_460' title='bbox 363 2899 493 2947; x_wconf 83' lang='lat' dir='ltr'>d1ligo.</span> <span class='ocrx_word' id='word_1_461' title='bbox 518 2915 534 2933; x_wconf 72' lang='grc' dir='ltr'>ι</span> <span class='ocrx_word' id='word_1_462' title='bbox 558 2902 719 2940; x_wconf 73' lang='lat' dir='ltr'>Ulterius</span> <span class='ocrx_word' id='word_1_463' title='bbox 738 2905 895 2941; x_wconf 86' lang='lat' dir='ltr'>interro-</span> 
     </span>
     <span class='ocr_line' id='line_1_55' title="bbox 131 2946 895 2998; baseline 0.009 -18"><span class='ocrx_word' id='word_1_464' title='bbox 131 2947 224 2990; x_wconf 76' lang='lat' dir='ltr'>gat:</span> <span class='ocrx_word' id='word_1_465' title='bbox 249 2958 267 2978; x_wconf 75' lang='grc' dir='ltr'>ι</span> <span class='ocrx_word' id='word_1_466' title='bbox 292 2946 485 2991; x_wconf 83' lang='lat' dir='ltr'>Quantum</span> <span class='ocrx_word' id='word_1_467' title='bbox 513 2948 640 2998; x_wconf 80' lang='lat' dir='ltr'>diligis</span> <span class='ocrx_word' id='word_1_468' title='bbox 669 2953 762 2988; x_wconf 80' lang='lat' dir='ltr'>me?</span> <span class='ocrx_word' id='word_1_469' title='bbox 784 2966 798 2984; x_wconf 72' lang='grc' dir='ltr'>υ</span> <span class='ocrx_word' id='word_1_470' title='bbox 826 2951 895 2989; x_wconf 93' lang='lat' dir='ltr'>Cui</span> 
     </span>
    </p>
   </div>
   <div class='ocr_carea' id='block_1_7' title="bbox 933 2046 1704 2997">
    <p class='ocr_par' dir='ltr' id='par_1_8' title="bbox 933 2046 1704 2997">
     <span class='ocr_line' id='line_1_56' title="bbox 937 2046 1704 2093; baseline -0.001 -10"><span class='ocrx_word' id='word_1_471' title='bbox 937 2058 1049 2093; x_wconf 82' lang='lat' dir='ltr'>quam</span> <span class='ocrx_word' id='word_1_472' title='bbox 1070 2058 1134 2083; x_wconf 89' lang='lat' dir='ltr'>cor</span> <span class='ocrx_word' id='word_1_473' title='bbox 1155 2057 1295 2083; x_wconf 87' lang='lat' dir='ltr'>meum.</span> <span class='ocrx_word' id='word_1_474' title='bbox 1324 2062 1335 2077; x_wconf 69' lang='grc' dir='ltr'>ι·</span> <span class='ocrx_word' id='word_1_475' title='bbox 1361 2047 1485 2082; x_wconf 85' lang='grc' dir='ltr'><strong>Τ81110</strong></span> <span class='ocrx_word' id='word_1_476' title='bbox 1504 2047 1613 2082; x_wconf 84' lang='grc'><strong>18888</strong></span> <span class='ocrx_word' id='word_1_477' title='bbox 1640 2046 1704 2083; x_wconf 87' lang='grc'>18-</span> 
     </span>
     <span class='ocr_line' id='line_1_57' title="bbox 938 2093 1703 2139; baseline -0.001 -8"><span class='ocrx_word' id='word_1_478' title='bbox 938 2095 1019 2131; x_wconf 78' lang='lat' dir='ltr'>fans</span> <span class='ocrx_word' id='word_1_479' title='bbox 1039 2095 1241 2138; x_wconf 65' lang='lat' dir='ltr'>interrogat</span> <span class='ocrx_word' id='word_1_480' title='bbox 1260 2106 1266 2130; x_wconf 93' lang='lat'>:</span> <span class='ocrx_word' id='word_1_481' title='bbox 1288 2110 1300 2126; x_wconf 63' lang='grc' dir='ltr'>ι(</span> <span class='ocrx_word' id='word_1_482' title='bbox 1324 2094 1395 2129; x_wconf 78' lang='lat' dir='ltr'>Sed</span> <span class='ocrx_word' id='word_1_483' title='bbox 1417 2099 1601 2139; x_wconf 78' lang='lat' dir='ltr'>quantum</span> <span class='ocrx_word' id='word_1_484' title='bbox 1615 2093 1703 2139; x_wconf 79' lang='lat' dir='ltr'>plue</span> 
     </span>
     <span class='ocr_line' id='line_1_58' title="bbox 936 2141 1703 2184; baseline -0.001 -5"><span class='ocrx_word' id='word_1_485' title='bbox 936 2143 1047 2179; x_wconf 83' lang='lat' dir='ltr'>corde</span> <span class='ocrx_word' id='word_1_486' title='bbox 1087 2147 1148 2178; x_wconf 78' lang='lat' dir='ltr'>tuo</span> <span class='ocrx_word' id='word_1_487' title='bbox 1187 2142 1313 2184; x_wconf 60' lang='lat' dir='ltr'>diligis</span> <span class='ocrx_word' id='word_1_488' title='bbox 1352 2143 1443 2177; x_wconf 82' lang='lat' dir='ltr'>me?</span> <span class='ocrx_word' id='word_1_489' title='bbox 1475 2156 1489 2172; x_wconf 72' lang='grc' dir='ltr'>»ι</span> <span class='ocrx_word' id='word_1_490' title='bbox 1532 2141 1703 2178; x_wconf 71' lang='lat' dir='ltr'>Tandem</span> 
     </span>
     <span class='ocr_line' id='line_1_59' title="bbox 938 2189 1704 2234; baseline -0.003 -8"><span class='ocrx_word' id='word_1_491' title='bbox 938 2191 1001 2226; x_wconf 84' lang='lat' dir='ltr'>illa</span> <span class='ocrx_word' id='word_1_492' title='bbox 1024 2201 1033 2227; x_wconf 77' lang='grc' dir='ltr'><strong><em>ε</em></strong></span> <span class='ocrx_word' id='word_1_493' title='bbox 1058 2204 1072 2222; x_wconf 72' lang='grc' dir='ltr'>ι</span> <span class='ocrx_word' id='word_1_494' title='bbox 1098 2190 1232 2227; x_wconf 85' lang='lat' dir='ltr'>Nescio</span> <span class='ocrx_word' id='word_1_495' title='bbox 1254 2190 1290 2225; x_wconf 90' lang='lat' dir='ltr'>id</span> <span class='ocrx_word' id='word_1_496' title='bbox 1320 2189 1460 2229; x_wconf 80' lang='lat' dir='ltr'>dicere,</span> <span class='ocrx_word' id='word_1_497' title='bbox 1482 2189 1606 2234; x_wconf 87' lang='lat' dir='ltr'>ipsum</span> <span class='ocrx_word' id='word_1_498' title='bbox 1637 2198 1704 2225; x_wconf 88' lang='lat' dir='ltr'>cor</span> 
     </span>
     <span class='ocr_line' id='line_1_60' title="bbox 938 2237 1699 2284; baseline -0.003 -11"><span class='ocrx_word' id='word_1_499' title='bbox 938 2238 1121 2284; x_wconf 84' lang='lat' dir='ltr'>loquatur.</span> <span class='ocrx_word' id='word_1_500' title='bbox 1149 2252 1161 2268; x_wconf 72' lang='lat' dir='ltr'>n</span> <span class='ocrx_word' id='word_1_501' title='bbox 1188 2237 1271 2273; x_wconf 81' lang='lat' dir='ltr'>Mox</span> <span class='ocrx_word' id='word_1_502' title='bbox 1294 2247 1379 2272; x_wconf 83' lang='lat' dir='ltr'>vcro</span> <span class='ocrx_word' id='word_1_503' title='bbox 1412 2247 1476 2272; x_wconf 89' lang='lat' dir='ltr'>cor</span> <span class='ocrx_word' id='word_1_504' title='bbox 1508 2237 1589 2280; x_wconf 79' lang='lat' dir='ltr'>ejus</span> <span class='ocrx_word' id='word_1_505' title='bbox 1620 2246 1699 2282; x_wconf 74' lang='lat' dir='ltr'>prae</span> 
     </span>
     <span class='ocr_line' id='line_1_61' title="bbox 934 2284 1700 2322; baseline 0 -2"><span class='ocrx_word' id='word_1_506' title='bbox 934 2286 1073 2322; x_wconf 81' lang='lat' dir='ltr'>amoris</span> <span class='ocrx_word' id='word_1_507' title='bbox 1118 2285 1297 2320; x_wconf 83' lang='lat' dir='ltr'>violentia</span> <span class='ocrx_word' id='word_1_508' title='bbox 1343 2284 1504 2320; x_wconf 82' lang='lat' dir='ltr'>scissum</span> <span class='ocrx_word' id='word_1_509' title='bbox 1544 2288 1613 2319; x_wconf 86' lang='lat' dir='ltr'>est.</span> <span class='ocrx_word' id='word_1_510' title='bbox 1653 2284 1700 2320; x_wconf 74' lang='lat' dir='ltr'>Et</span> 
     </span>
     <span class='ocr_line' id='line_1_62' title="bbox 935 2332 1702 2378; baseline -0.001 -9"><span class='ocrx_word' id='word_1_511' title='bbox 935 2333 1041 2369; x_wconf 84' lang='lat' dir='ltr'>beata</span> <span class='ocrx_word' id='word_1_512' title='bbox 1062 2332 1172 2378; x_wconf 69' lang='lat' dir='ltr'>Virgo</span> <span class='ocrx_word' id='word_1_513' title='bbox 1195 2332 1310 2368; x_wconf 84' lang='lat' dir='ltr'>Maria</span> <span class='ocrx_word' id='word_1_514' title='bbox 1337 2342 1403 2367; x_wconf 88' lang='lat' dir='ltr'>suo</span> <span class='ocrx_word' id='word_1_515' title='bbox 1424 2332 1509 2367; x_wconf 90' lang='lat' dir='ltr'>sinu</span> <span class='ocrx_word' id='word_1_516' title='bbox 1532 2336 1702 2368; x_wconf 87' lang='lat' dir='ltr'>materno</span> 
     </span>
     <span class='ocr_line' id='line_1_63' title="bbox 933 2380 1701 2426; baseline -0.004 -9"><span class='ocrx_word' id='word_1_517' title='bbox 933 2381 1014 2426; x_wconf 77' lang='lat' dir='ltr'>eJ&#39;us</span> <span class='ocrx_word' id='word_1_518' title='bbox 1034 2381 1202 2416; x_wconf 81' lang='lat' dir='ltr'>animam</span> <span class='ocrx_word' id='word_1_519' title='bbox 1235 2380 1443 2425; x_wconf 81' lang='lat' dir='ltr'>excipiens,</span> <span class='ocrx_word' id='word_1_520' title='bbox 1465 2388 1552 2414; x_wconf 89' lang='lat' dir='ltr'>cum</span> <span class='ocrx_word' id='word_1_521' title='bbox 1585 2383 1701 2415; x_wconf 82' lang='lat' dir='ltr'>cantu</span> 
     </span>
     <span class='ocr_line' id='line_1_64' title="bbox 934 2426 1702 2474; baseline -0.003 -9"><span class='ocrx_word' id='word_1_522' title='bbox 934 2429 1159 2474; x_wconf 80' lang='lat' dir='ltr'>Angelorum</span> <span class='ocrx_word' id='word_1_523' title='bbox 1181 2428 1220 2463; x_wconf 90' lang='lat' dir='ltr'>in</span> <span class='ocrx_word' id='word_1_524' title='bbox 1242 2428 1383 2463; x_wconf 83' lang='lat' dir='ltr'>coeluin</span> <span class='ocrx_word' id='word_1_525' title='bbox 1404 2437 1486 2463; x_wconf 82' lang='grc'><strong>8818</strong></span> <span class='ocrx_word' id='word_1_526' title='bbox 1500 2426 1702 2463; x_wconf 84' lang='lat' dir='ltr'>deduxisse</span> 
     </span>
     <span class='ocr_line' id='line_1_65' title="bbox 934 2475 1701 2513; baseline -0.004 -1"><span class='ocrx_word' id='word_1_527' title='bbox 934 2477 1011 2512; x_wconf 87' lang='lat' dir='ltr'>visa</span> <span class='ocrx_word' id='word_1_528' title='bbox 1036 2480 1104 2512; x_wconf 86' lang='grc'><strong>881.</strong></span> <span class='ocrx_word' id='word_1_529' title='bbox 1128 2476 1223 2513; x_wconf 77' lang='lat' dir='ltr'>Nam</span> <span class='ocrx_word' id='word_1_530' title='bbox 1255 2476 1301 2510; x_wconf 88' lang='lat' dir='ltr'>ad</span> <span class='ocrx_word' id='word_1_531' title='bbox 1336 2475 1438 2510; x_wconf 89' lang='lat' dir='ltr'>hunc</span> <span class='ocrx_word' id='word_1_532' title='bbox 1471 2478 1701 2510; x_wconf 87' lang='lat' dir='ltr'>concentum</span> 
     </span>
     <span class='ocr_line' id='line_1_66' title="bbox 933 2521 1700 2570; baseline -0.005 -10"><span class='ocrx_word' id='word_1_533' title='bbox 933 2524 1148 2570; x_wconf 82' lang='lat' dir='ltr'>angelicum</span> <span class='ocrx_word' id='word_1_534' title='bbox 1175 2523 1318 2558; x_wconf 81' lang='lat' dir='ltr'>familia</span> <span class='ocrx_word' id='word_1_535' title='bbox 1350 2531 1553 2557; x_wconf 84' lang='lat' dir='ltr'>accurrens</span> <span class='ocrx_word' id='word_1_536' title='bbox 1584 2521 1700 2567; x_wconf 82' lang='lat' dir='ltr'>virgi-</span> 
     </span>
     <span class='ocr_line' id='line_1_67' title="bbox 933 2567 1701 2615; baseline -0.003 -8"><span class='ocrx_word' id='word_1_537' title='bbox 933 2581 1020 2607; x_wconf 87' lang='lat' dir='ltr'>nem</span> <span class='ocrx_word' id='word_1_538' title='bbox 1043 2576 1228 2606; x_wconf 84' lang='lat' dir='ltr'>mortuam</span> <span class='ocrx_word' id='word_1_539' title='bbox 1249 2569 1401 2615; x_wconf 85' lang='lat' dir='ltr'>reperit,</span> <span class='ocrx_word' id='word_1_540' title='bbox 1423 2573 1500 2604; x_wconf 83' lang='lat' dir='ltr'>crat</span> <span class='ocrx_word' id='word_1_541' title='bbox 1519 2578 1606 2605; x_wconf 87' lang='lat' dir='ltr'>vero</span> <span class='ocrx_word' id='word_1_542' title='bbox 1641 2567 1701 2605; x_wconf 86' lang='lat' dir='ltr'>lo-</span> 
     </span>
     <span class='ocr_line' id='line_1_68' title="bbox 933 2616 1700 2662; baseline -0.005 -7"><span class='ocrx_word' id='word_1_543' title='bbox 933 2629 1002 2655; x_wconf 83' lang='lat' dir='ltr'>cus</span> <span class='ocrx_word' id='word_1_544' title='bbox 1028 2618 1213 2654; x_wconf 74' lang='lat' dir='ltr'>inell&#39;abili</span> <span class='ocrx_word' id='word_1_545' title='bbox 1245 2618 1359 2653; x_wconf 84' lang='lat' dir='ltr'>odore</span> <span class='ocrx_word' id='word_1_546' title='bbox 1392 2616 1569 2662; x_wconf 83' lang='lat' dir='ltr'>repictus.</span> <span class='ocrx_word' id='word_1_547' title='bbox 1592 2616 1700 2652; x_wconf 84' lang='lat' dir='ltr'>Post-</span> 
     </span>
     <span class='ocr_line' id='line_1_69' title="bbox 934 2663 1700 2702; baseline -0.003 0"><span class='ocrx_word' id='word_1_548' title='bbox 934 2666 1089 2702; x_wconf 91' lang='lat' dir='ltr'>modum</span> <span class='ocrx_word' id='word_1_549' title='bbox 1112 2666 1256 2700; x_wconf 78' lang='lat' dir='ltr'>Fratres</span> <span class='ocrx_word' id='word_1_550' title='bbox 1286 2664 1439 2699; x_wconf 80' lang='lat' dir='ltr'>Ordinis</span> <span class='ocrx_word' id='word_1_551' title='bbox 1473 2663 1700 2700; x_wconf 75' lang='lat' dir='ltr'>Praedicato-</span> 
     </span>
     <span class='ocr_line' id='line_1_70' title="bbox 934 2711 1700 2758; baseline -0.003 -9"><span class='ocrx_word' id='word_1_552' title='bbox 934 2724 1032 2756; x_wconf 85' lang='lat' dir='ltr'>rum,</span> <span class='ocrx_word' id='word_1_553' title='bbox 1054 2713 1117 2758; x_wconf 84' lang='lat' dir='ltr'>qui</span> <span class='ocrx_word' id='word_1_554' title='bbox 1139 2712 1279 2748; x_wconf 86' lang='lat' dir='ltr'>ibidem</span> <span class='ocrx_word' id='word_1_555' title='bbox 1305 2712 1476 2755; x_wconf 80' lang='lat' dir='ltr'>aderant,</span> <span class='ocrx_word' id='word_1_556' title='bbox 1497 2721 1586 2747; x_wconf 90' lang='lat' dir='ltr'>cum</span> <span class='ocrx_word' id='word_1_557' title='bbox 1617 2711 1700 2756; x_wconf 81' lang='lat' dir='ltr'>ejus</span> 
     </span>
     <span class='ocr_line' id='line_1_71' title="bbox 934 2758 1700 2807; baseline -0.003 -11"><span class='ocrx_word' id='word_1_558' title='bbox 934 2765 1064 2807; x_wconf 80' lang='lat' dir='ltr'>pectus</span> <span class='ocrx_word' id='word_1_559' title='bbox 1100 2760 1307 2805; x_wconf 82' lang='lat' dir='ltr'>aperiretur</span> <span class='ocrx_word' id='word_1_560' title='bbox 1342 2760 1390 2794; x_wconf 86' lang='lat' dir='ltr'>ad</span> <span class='ocrx_word' id='word_1_561' title='bbox 1427 2758 1700 2804; x_wconf 85' lang='lat' dir='ltr'>explorandam</span> 
     </span>
     <span class='ocr_line' id='line_1_72' title="bbox 934 2806 1699 2850; baseline -0.003 -6"><span class='ocrx_word' id='word_1_562' title='bbox 934 2807 1065 2844; x_wconf 89' lang='lat' dir='ltr'>mortis</span> <span class='ocrx_word' id='word_1_563' title='bbox 1084 2808 1177 2842; x_wconf 86' lang='lat' dir='ltr'>adeo</span> <span class='ocrx_word' id='word_1_564' title='bbox 1198 2806 1331 2842; x_wconf 57' lang='lat' dir='ltr'>subitae</span> <span class='ocrx_word' id='word_1_565' title='bbox 1351 2816 1519 2850; x_wconf 81' lang='lat' dir='ltr'>causam,</span> <span class='ocrx_word' id='word_1_566' title='bbox 1538 2808 1699 2842; x_wconf 85' lang='lat' dir='ltr'>invene-</span> 
     </span>
     <span class='ocr_line' id='line_1_73' title="bbox 935 2853 1700 2899; baseline -0.001 -8"><span class='ocrx_word' id='word_1_567' title='bbox 935 2860 1021 2891; x_wconf 87' lang='lat' dir='ltr'>runt</span> <span class='ocrx_word' id='word_1_568' title='bbox 1058 2855 1099 2890; x_wconf 87' lang='lat' dir='ltr'>in</span> <span class='ocrx_word' id='word_1_569' title='bbox 1138 2854 1250 2890; x_wconf 89' lang='lat' dir='ltr'>corde</span> <span class='ocrx_word' id='word_1_570' title='bbox 1288 2854 1368 2899; x_wconf 74' lang='lat' dir='ltr'>ejtis</span> <span class='ocrx_word' id='word_1_571' title='bbox 1404 2853 1529 2890; x_wconf 82' lang='lat' dir='ltr'>aurcis</span> <span class='ocrx_word' id='word_1_572' title='bbox 1567 2853 1700 2890; x_wconf 74' lang='lat' dir='ltr'>litteris</span> 
     </span>
     <span class='ocr_line' id='line_1_74' title="bbox 934 2901 1699 2948; baseline -0.001 -9"><span class='ocrx_word' id='word_1_573' title='bbox 934 2903 1137 2948; x_wconf 88' lang='lat' dir='ltr'>scriptum:</span> <span class='ocrx_word' id='word_1_574' title='bbox 1165 2914 1178 2932; x_wconf 78' lang='grc' dir='ltr'><strong>α</strong></span> <span class='ocrx_word' id='word_1_575' title='bbox 1194 2901 1315 2947; x_wconf 84' lang='lat' dir='ltr'>Diligo</span> <span class='ocrx_word' id='word_1_576' title='bbox 1336 2906 1385 2944; x_wconf 89' lang='grc'>18,</span> <span class='ocrx_word' id='word_1_577' title='bbox 1401 2901 1602 2947; x_wconf 83' lang='lat' dir='ltr'>plusquam</span> <span class='ocrx_word' id='word_1_578' title='bbox 1621 2910 1699 2945; x_wconf 82' lang='lat' dir='ltr'>me,</span> 
     </span>
     <span class='ocr_line' id='line_1_75' title="bbox 934 2949 1695 2997; baseline -0.004 -10"><span class='ocrx_word' id='word_1_579' title='bbox 934 2951 1023 2997; x_wconf 87' lang='lat' dir='ltr'>quia</span> <span class='ocrx_word' id='word_1_580' title='bbox 1043 2950 1193 2994; x_wconf 81' lang='lat' dir='ltr'>creasti,</span> <span class='ocrx_word' id='word_1_581' title='bbox 1214 2949 1423 2996; x_wconf 83' lang='lat' dir='ltr'>redemisti,</span> <span class='ocrx_word' id='word_1_582' title='bbox 1443 2949 1580 2987; x_wconf 85' lang='lat' dir='ltr'>dotasti</span> <span class='ocrx_word' id='word_1_583' title='bbox 1597 2958 1695 2987; x_wconf 73' lang='lat' dir='ltr'>me.-</span> 
     </span>
    </p>
   </div>
  </div>
 </body>
</html>
