1858 3184
1594 120 1674 163 483

102 211 246 253 611656
263 210 350 264 prit
367 212 394 256 a
410 221 573 252 arroser-
590 219 642 250 en
660 208 791 261 esprit
820 208 881 248 les
911 209 1028 262 pieds
1046 208 1103 248 du
1123 208 1577 250 tres-misericorditem:
1596 221 1674 251 611-

103 278 198 318 fant
213 278 348 328 Jesus,
368 276 522 317 devant
538 273 710 325 rimago
729 274 782 314 de
803 274 946 324 Maric,
978 277 1152 327 portant
1180 285 1254 314 son
1288 274 1436 314 enfant
1466 279 1584 316 entre
1613 275 1675 317 les

102 342 215 383 bras,
235 343 289 383 Et
307 341 428 391 ainsi,
448 340 487 380 le
505 333 735 392 suppliant,
770 338 999 391 l'adjuraut
1018 351 1094 392 par
1112 351 1188 378 son
1210 339 1402 388 enfance,
1425 352 1501 392 par
1520 341 1579 380 les
1597 353 1673 382 en-

102 408 262 448 treilles
281 407 332 447 de
351 404 617 446 misericorde
637 416 739 444 avec
760 404 981 457 lesquelles
1000 405 1030 444 il
1050 416 1156 444 nous
1187 416 1214 444 a
1243 404 1387 444 visites
1406 404 1462 444 du
1483 405 1575 455 ciel,
1599 418 1676 459 par

99 484 166 513 ses
184 472 484 524 vagissements
502 474 544 510 et
563 481 628 510 ses
649 470 800 510 lai-mes
819 470 871 510 de
891 470 1032 518 honte,
1055 482 1165 522 pour
1182 469 1349 509 obtenir
1368 469 1407 509 le
1429 470 1591 522 ραι-(1011
1623 471 1675 512 de

103 549 168 578 ses
188 537 352 590 peches‚
376 534 456 576 elle
475 534 629 575 merila
646 534 892 574 d’entcndre
907 534 947 575 la
963 535 1059 574 voix
1089 535 1239 575 celeste
1259 535 1331 587 qui
1345 534 1384 574 la
1400 535 1566 575 rendait
1584 547 1674 576 cer-

104 603 218 644 taine
254 604 297 642 et
332 602 499 640 assuree
533 599 693 640 d’avoir
731 600 888 640 obtenu
927 600 1020 640 leur
1057 600 1276 640 remission
1313 602 1357 640 et
1394 599 1435 640 la
1467 600 1591 651 grece
1622 600 1675 642 de

102 667 223 708 Dieu.

155 734 284 772 Autre
304 729 495 782 exemple
508 733 600 769 tout
619 730 832 778 different,
855 742 937 782 que
947 721 1016 770 les
1035 730 1263 770 historiens
1276 733 1496 770 recontent
1510 742 1675 772 comme

98 797 235 837 arrive
256 797 281 834 a
301 795 552 844 Guillaume,
574 799 709 835 comte
729 795 779 834 (16
798 795 819 835 J
827 796 968 836 uliers.
1003 795 1034 835 ll
1068 795 1199 835 vivait
1218 795 1544 836 honteusement
1570 796 1675 836 dans

100 860 319 901 l’adultere
339 863 381 900 et
400 860 459 900 les
479 860 587 900 vices
606 860 823 911 charnels;
848 860 965 908 mais,
990 861 1062 900 des
1086 860 1277 900 hommes
1305 861 1433 912 pieux
1452 864 1495 900 et
1514 862 1675 901 erudite

101 925 423 966 l'avertissaient
453 929 631 965 souvent
650 926 700 964 de
717 930 873 966 mettre
894 926 951 964 tin
974 927 998 965 a
1023 928 1130 965 cette
1163 926 1230 965 vie
1262 926 1475 965 charnelle
1494 929 1536 966 et
1555 938 1674 966 scan-

100 990 284 1031 daleuse.
306 991 410 1031 Mais
429 991 595 1031 accable
615 1003 711 1030 sous
731 991 768 1030 le
785 991 895 1043 jung
915 996 956 1030 et
977 991 1164 1043 l'empire
1184 991 1236 1030 ele
1256 992 1296 1030 la
1316 992 1532 1031 mauvaise
1559 991 1678 1032 habi·

101 1056 219 1105 tude,
257 1055 288 1095 il
319 1056 519 1096 entassait
548 1056 700 1109 peches
734 1069 804 1095 sur
836 1057 1001 1108 peches.
1035 1057 1171 1104 Alors,
1207 1056 1245 1095 le
1278 1056 1485 1108 Seigueur
1516 1056 1675 1109 daigna

95 1121 266 1172 ajouter
285 1133 343 1160 un
363 1122 680 1162 avertissement
699 1122 848 1161 celeste
868 1134 953 1161 aux
974 1122 1061 1160 avis
1079 1122 1150 1161 des
1172 1121 1378 1161 hommes.
1401 1123 1466 1162 Un
1492 1122 1593 1173 jour
1623 1121 1677 1163 (16

100 1187 218 1235 Noel‚
239 1186 428 1238 pendant
446 1186 507 1226 les
525 1187 627 1226 trois
647 1198 812 1236 messes,
843 1186 872 1226 il
905 1187 1095 1226 entendit
1125 1199 1208 1226 une
1237 1186 1419 1226 melodie
1450 1187 1600 1226 celeste
1632 1189 1676 1227 et

100 1251 329 1303 angelique
361 1251 434 1303 qui
463 1251 727 1291 l'avertissait
745 1252 796 1292 de
823 1252 1063 1303 p1·et'ererle
1084 1251 1229 1304 plaisir
1248 1251 1304 1291 du
1323 1252 1401 1292 ciel
1433 1263 1517 1291 aux
1550 1251 1679 1292 souil-

100 1315 215 1356 tures
234 1316 285 1356 de
304 1316 346 1356 la
364 1316 493 1364 chair,
518 1317 569 1356 de
599 1316 766 1356 revenir
796 1319 820 1355 a
850 1318 953 1356 Dieu
975 1320 1017 1356 et
1035 1317 1277 1356 d'amender
1308 1329 1354 1356 sa
1385 1316 1465 1356 vie.
1500 1317 1618 1367 Mais,
1646 1315 1678 1356 il

99 1381 455 1434 negliges-meme
475 1383 540 1421 cet
560 1381 876 1420 avertissement
895 1381 1027 1420 divin.
1050 1381 1183 1429 Ainsi,
1206 1393 1287 1432 peu
1308 1381 1359 1420 de
1380 1384 1515 1433 temps
1536 1382 1674 1434 apres,

102 1446 207 1486 dans
228 1458 284 1485 un
305 1458 469 1498 voyage
489 1447 540 1486 de
560 1446 805 1498 Cologne,il
824 1446 970 1498 expira
991 1446 1347 1494 miserablement,
1361 1449 1481 1485 entre
1500 1447 1560 1486 les
1579 1446 1677 1486 bras

99 1510 226 1551 d'une
247 1511 485 1559 concubine,
509 1523 605 1550 sans
624 1514 891 1558 sacremeutS,
913 1516 954 1550 et
974 1510 1001 1550 11
1023 1511 1087 1550 fut
1106 1511 1279 1563 relegue
1300 1511 1406 1550 dans
1427 1512 1485 1550 les
1512 1511 1674 1551 abimes

100 1576 296 1625 eternels,
319 1587 481 1615 comme
500 1575 589 1614 cela
609 1575 673 1614 fut
692 1588 799 1628 pour
818 1576 901 1615 lors
920 1576 1059 1615 revele
1083 1578 1108 1615 a
1128 1576 1330 1628 quelques
1356 1578 1471 1616 emes
1491 1576 1672 1628 pieuses.

98 1640 303 1680 Gombien
323 1640 396 1693 qui
415 1640 690 1680 ressemblent
709 1642 734 1680 a
753 1652 798 1680 ce
819 1640 1120 1680 mallieureuxl
1143 1641 1244 1681 Bien
1262 1641 1384 1694 qu'ils
1398 1641 1677 1682 n'entendent

101 1705 222 1757 point
240 1717 317 1758 par
340 1718 398 1745 un
419 1705 589 1745 miracle
620 1705 775 1757 special
806 1710 848 1746 et
878 1706 1092 1746 exterieur
1122 1706 1164 1746 la
1195 1706 1378 1746 melodie
1410 1706 1561 1746 celeste
1591 1718 1679 1746 aux

102 1769 209 1810 tetes
227 1770 277 1810 (16
297 1769 415 1819 Noel,
436 1769 487 1810 ils
505 1771 734 1810 entendeut
754 1771 1002 1810 neanmoins
1021 1771 1063 1810 la
1082 1771 1180 1810 voix
1199 1771 1254 1810 du
1275 1770 1487 1822 Seigneur
1507 1770 1580 1823 qui
1607 1772 1677 1811 re·

827 129 947 160 ⁸081..

104 1982 164 2019 dis
195 1982 490 2028 compunctione
530 1982 715 2029 lacrymas
752 1983 787 2019 ei
825 1994 871 2019 ex

105 2029 228 2068 oculis
246 2030 386 2074 ciente,
407 2040 588 2067 conversa
608 2035 660 2067 est
681 2030 727 2067 ad
750 2032 870 2077 rigan-

101 2077 174 2114 dos
187 2076 229 2113 in
249 2077 383 2123 spiritu
402 2078 515 2124 pedes
533 2079 620 2115 Jcsu
634 2079 790 2115 infantis
811 2079 871 2115 bc-

103 2124 339 2172 nignissimi,
372 2135 500 2162 coram
539 2125 703 2172 imagine
753 2126 870 2162 beatae

103 2172 236 2210 Mariae
272 2183 431 2218 puerum
470 2174 554 2209 sinu
594 2174 789 2220 gestantis.
827 2175 869 2209 Et

104 2219 171 2264 ita,
192 2230 259 2266 per
278 2220 480 2257 infantiam
500 2231 619 2266 suam,
643 2232 708 2267 per
728 2223 869 2258 viscera

104 2267 375 2305 misericordiae
395 2268 437 2305 in
457 2268 594 2315 quibus
617 2269 779 2305 visitavit
801 2279 870 2305 nos

105 2325 153 2352 ex
171 2315 262 2362 alto,
282 2326 348 2362 per
368 2316 511 2362 vagitus
531 2321 567 2352 et
580 2316 766 2362 lacrymas
785 2317 868 2363 pie-

105 2362 195 2399 tatis
213 2373 301 2400 eum
321 2363 513 2400 obtestans
533 2367 569 2399 et
587 2364 781 2409 adjurans,
803 2375 869 2410 pro

106 2409 315 2447 obtinenda
332 2416 574 2457 peccatorum
595 2412 718 2455 venian
733 2413 869 2448 meruit

106 2456 238 2494 audire
256 2468 385 2495 vocem
404 2459 566 2505 coelitus,
580 2469 652 2505 qua
672 2460 719 2496 de
739 2470 868 2496 eorum

106 2503 344 2550 remissione,
383 2510 419 2542 et
454 2507 573 2553 gratia
613 2507 677 2543 Dei
720 2507 867 2554 adepta,

108 2554 211 2588 certa
229 2556 266 2587 et
283 2562 414 2590 secura
433 2554 670 2591 reddebatur.

157 2598 282 2652 1101136
300 2610 323 2635 a
341 2600 456 2646 priori
475 2602 665 2638 diversum
684 2606 755 2646 est,
769 2603 869 2649 quod

107 2645 312 2699 Guilielmo
341 2647 475 2684 Comiti
504 2649 712 2686 mliacensi
744 2650 869 2686 conti·

107 2703 207 2746 gisse
226 2693 393 2730 referunt
412 2694 594 2734 historici.
618 2697 686 2733 Hic
706 2697 747 2734 in
766 2697 871 2733 adul-

109 2743 203 2776 terio
223 2745 259 2776 et
270 2740 362 2777 ‚aliis
382 2743 596 2781 carnalibus
623 2744 724 2781 vitiis
757 2745 869 2781 vitam

108 2787 334 2842 flagitiosam
353 2788 512 2827 ducebat
525 2801 535 2828 z
548 2791 766 2839 frequenter
786 2803 871 2829 vere

108 2845 132 2871 a
155 2844 246 2871 viris
276 2845 348 2882 pus
379 2840 415 2872 61
444 2838 599 2876 eruditis
629 2839 869 2883 monebatur,

108 2884 152 2918 ut
166 2882 324 2935 ’tandem
344 2881 461 2920 tinem
483 2884 697 2933 imponeret
727 2887 871 2924 carnali

109 2928 199 2967 huic
219 2934 255 2967 et
272 2930 504 2980 scandalosae
532 2933 632 2981 vitae,
642 2977 650 2980 ,
659 2934 736 2979 sed>
748 2945 873 2982 pravae

910 1983 1198 2020 consuetudinis
1217 1984 1381 2030 quodam
1401 1984 1508 2031 quasi
1522 1985 1614 2030 jugo
1639 1987 1678 2021 et

911 2031 1068 2077 imperio
1088 2041 1239 2077 pressus
1259 2036 1413 2078 peccata
1431 2033 1595 2078 peccatis
1614 2041 1677 2068 cu-

910 2078 1090 2114 mulabat.
1110 2079 1290 2125 Dignatus
1311 2089 1397 2115 vero
1416 2083 1471 2114 651.
1492 2078 1677 2116 Dominus

911 2127 1006 2162 ultra
1028 2127 1094 2162 iias
1116 2126 1315 2163 hominum
1335 2126 1582 2170 monitiones,
1603 2136 1676 2163 οω-

912 2175 1044 2210 testem
1081 2174 1113 2210 ci
1152 2174 1333 2210 exhibere
1380 2174 1631 2210 monitionem
1663 2184 1673 2210 ε

911 2232 997 2257 num
1019 2222 1172 2258 infesto
1206 2222 1416 2259 Nativitatis
1452 2221 1603 2258 Domini
1634 2221 1676 2258 in

911 2269 1029 2305 tribus
1050 2270 1176 2306 missis
1190 2270 1339 2306 coelitus
1359 2270 1392 2305 ei
1414 2269 1583 2305 insonuit
1598 2278 1676 2305 me·

911 2318 1008 2353 todia
1028 2318 1192 2354 coelcslis
1211 2322 1247 2353 et
1266 2317 1452 2363 angelica,
1486 2327 1559 2363 qua
1590 2326 1676 2352 mo-

911 2364 1069 2401 nebatur
1089 2365 1283 2402 coelestem
1298 2365 1527 2410 voluptatem
1549 2363 1676 2400 carnis

911 2415 1084 2459 praeferre
1105 2413 1312 2459 spurcitiis,
1333 2416 1369 2448 et
1389 2413 1436 2447 ad
1460 2412 1577 2447 Deum
1611 2421 1676 2448 re-

908 2461 1003 2503 dire,
1029 2461 1177 2506 vitaque
1210 2460 1424 2496 emendare.
1452 2459 1522 2495 Sed
1554 2463 1590 2494 et
1619 2458 1675 2494 is·-

910 2508 973 2544 tud
993 2508 1163 2544 divinum
1179 2508 1367 2543 monitum
1387 2506 1567 2552 neglexit.
1581 2507 1676 2550 Qua-

908 2560 1059 2602 propter
1074 2555 1314 2601 postmodum
1335 2555 1375 2590 in
1395 2554 1455 2590 via
1479 2553 1677 2590 Coloniam

910 2613 1037 2639 versus
1058 2603 1097 2638 in
1117 2603 1261 2649 gremio
1282 2601 1507 2638 concubinae
1537 2602 1677 2638 misere

909 2651 994 2686 sine
1028 2650 1274 2686 sacramentis
1312 2649 1495 2695 expiravit
1512 2666 1522 2693 ς
1560 2654 1596 2685 61
1633 2649 1677 2686 111

908 2697 1087 2743 abyssum
1107 2702 1287 2734 aeternam
1321 2697 1506 2742 relegatus
1538 2700 1608 2740 est,
1634 2700 1677 2733 ut.

909 2746 1022 2780 etiam
1037 2745 1110 2790 piis
1122 2744 1350 2790 quibusdam
1365 2748 1455 2780 tunc
1469 2744 1676 2780 revelatum

910 2792 992 2828 fuit.
1015 2792 1123 2828 Multi
1144 2802 1230 2828 vero
1252 2792 1340 2828 111116
1370 2802 1450 2827 11011
1481 2790 1676 2828 absimiles

910 2844 1014 2882 sunt,
1033 2839 1096 2884 qui
1117 2838 1205 2875 11661
1223 2839 1416 2876 coelestem
1436 2839 1677 2876 harmoniam

912 2886 1095 2922 miraculo
1115 2886 1270 2932 speciali
1303 2887 1467 2933 exterius
1498 2886 1540 2922 in
1569 2886 1676 2923 festis

912 2933 1122 2973 Nativitatis
1143 2934 1296 2972 Domini
1315 2944 1394 2972 non
1420 2934 1590 2982 audiant,
1609 2943 1676 2971 au-
