1858 3184
1688 46 1717 65 b

1630 155 1709 198 235

142 243 344 286 dent-ils?
363 242 577 287 Autrefois
595 241 637 283 18
667 241 879 294 seigneur
906 241 1119 293 menacait
1149 241 1191 281 la
1222 244 1334 282 terre
1364 242 1548 292 d'Israel,
1571 243 1712 286 disant

141 320 220 362 par
237 309 277 350 le
295 309 504 363 Prophete
525 321 535 348 :
562 321 583 347 e
599 307 650 349 Je
669 307 786 347 viens
805 308 832 347 8
850 318 967 357 mue,
985 306 1031 359 je
1048 306 1138 347 vais
1155 306 1259 347 tirer
1278 318 1378 346 mon
1411 308 1514 359 epee
1531 308 1631 348 hors
1650 308 1707 349 du

143 374 356 424 soum-ean,
367 378 410 415 et
423 373 468 426 Je
487 371 624 414 188181
643 372 747 412 dane
765 383 868 411 vous
887 371 926 411 18
941 371 1055 424 juste
1070 377 1111 412 et
1128 371 1301 424 l'impie.
1318 372 1415 412 Mon
1435 373 1537 424 epee
1557 373 1710 416 sortire

140 438 242 480 hors
258 439 315 480 dn
334 439 532 480 foui-teau
551 449 661 490 pour
678 440 874 490 attaquer
892 439 1010 476 toute
1030 436 1160 485 811811,
1174 436 1373 489 depuisle
1386 437 1490 477 midi
1505 437 1707 489 jusqu’au

139 504 414 558 septentrion.
437 501 648 557 (Ezecln‘el.
669 513 755 552 xm,
777 504 803 543 3
822 502 943 555 815.)
963 517 984 540 »
1009 502 1108 543 Cela
1137 502 1335 542 convient
1365 502 1664 554 parfaitement
1683 504 1708 543 8

140 569 183 610 18
199 569 261 611 fin
278 568 334 609 du
354 567 519 618 monde,
543 579 668 620 parce
698 567 879 621 qu’alors
898 567 937 608 le
970 567 1107 619 glaive
1139 568 1190 607 de
1222 567 1263 607 la
1291 567 1442 618 justice
1473 567 1614 606 divine
1645 569 1708 607 851

139 645 302 675 comme
318 633 422 673 11188
442 632 499 673 du
519 632 735 683 10811888,
757 645 864 686 pour
893 645 1063 685 couper,
1078 645 1187 685 pour
1207 644 1380 672 exercet
1399 645 1444 671 sa
1464 643 1707 684 vengeance

139 711 225 739 non
244 697 474 739 seulement
508 701 652 738 contre
684 709 790 738 ceux
821 698 893 750 qui
926 701 1023 738 sont
1053 698 1394 738 manifestement
1415 697 1577 749 1111ρί85,
1599 697 1706 738 mais

137 775 286 806 encore
305 766 448 804 contre
467 775 574 804 ceux
593 764 667 816 qui
686 775 730 803 58
750 763 913 804 8101881
926 763 1062 814 justes
1082 767 1125 804 et
1144 764 1219 815 qui
1239 775 1293 803 en
1314 762 1463 802 1881118
1484 766 1578 802 5081
1603 773 1703 802 cou-

136 827 278 882 pables
297 829 451 869 devant
470 829 592 877 Dieu,
617 833 659 869 et
677 828 716 869 18
735 828 912 869 nombre
931 829 1027 869 n’en
1049 832 1110 869 851
1129 840 1204 881 pas
1224 828 1344 880 petit.
1367 828 1476 867 C’est
1507 828 1644 867 meme
1665 827 1705 868 18

136 892 261 935 motif
274 905 381 947 pour
399 893 539 947 lequel
570 893 630 934 185
661 895 751 934 8185
783 893 1024 942 tremblent,
1047 906 1118 935 car
1149 893 1200 934 ils
1233 905 1285 933 ne
1320 896 1466 932 savent
1486 904 1559 945 pas
1577 892 1705 933 d'une

134 959 322 999 18881818
343 960 529 999 88118188
549 959 632 1000 5’115
664 962 760 1000 5081
790 958 1111 999 veritablement
1138 958 1289 1010 justes,
1310 958 1395 998 s’ils
1427 963 1522 997 sont
1552 958 1706 1009 dignes

133 1023 325 1064 d'amour
344 1036 399 1064 ou
419 1025 469 1064 de
489 1025 630 1065 haine.
655 1025 743 1064 Elle
762 1028 825 1064 851
843 1024 992 1065 8110118
1012 1036 1064 1064 88
1086 1024 1185 1064 effet
1206 1024 1246 1064 18
1266 1024 1360 1063 voie
1380 1025 1452 1076 qui
1486 1023 1659 1063 conduit
1678 1024 1705 1064 8

132 1088 175 1129 la
194 1089 276 1140 vie,
296 1093 340 1130 81
367 1089 427 1130 185
454 1090 699 1142 jugements
728 1090 780 1131 de
812 1090 916 1130 Dieu
950 1093 1047 1129 sont
1078 1091 1243 1129 severes
1271 1093 1313 1129 et
1346 1089 1563 1128 1880118115.
1584 1089 1644 1128 De
1664 1087 1705 1127 18

131 1153 249 1194 vient
267 1167 363 1207 que,
384 1155 478 1207 plus
497 1155 546 1194 ils
565 1154 828 1208 approchent
841 1155 891 1195 de
911 1155 1003 1194 leur
1016 1154 1091 1204 fin,
1107 1155 1202 1207 plus
1221 1154 1281 1194 les
1302 1155 1436 1206 justes
1457 1154 1701 1194 tremblent.

134 1232 154 1255 ι
177 1219 327 1267 088118
346 1220 497 1270 meme,
521 1219 644 1260 discit
661 1220 753 1269 Job,
776 1219 817 1259 la
845 1219 1078 1259 blancheur
1107 1219 1158 1258 de
1187 1231 1276 1260 mes
1308 1218 1444 1258 11181115
1477 1218 1705 1259 8810811811

132 1282 191 1324 188
208 1296 323 1336 yeux
341 1296 418 1338 par
435 1297 510 1324 son
532 1285 782 1335 88181,νο118
802 1284 978 1324 1111111818
991 1296 1059 1325 188
1074 1285 1197 1325 serait
1213 1285 1399 1336 paraitre
1420 1286 1445 1323 a
1463 1284 1704 1324 moi-meme

132 1349 227 1390 tout
244 1354 416 1390 convert
434 1349 665 1399 d'ordures,
689 1349 794 1402 (Job.
815 1360 873 1395 lx.
895 1351 948 1391 30
967 1354 1009 1389 et
1029 1350 1098 1402 3¹)
1118 1363 1138 1387 1>
1162 1352 1205 1389 et
1224 1349 1253 1389 il
1273 1349 1453 1401 ajoutait
1475 1362 1484 1388 ι
1510 1364 1530 1385 ιι
1554 1348 1704 1396 Quand

132 1413 270 1454 meme
289 1413 317 1454 il
338 1427 365 1466 y
385 1414 523 1455 aur-ait
554 1426 605 1455 en
637 1415 723 1454 moi
755 1414 940 1467 quelque
971 1419 1084 1454 11888
1116 1415 1167 1454 de
1194 1414 1362 1466 justice,
1379 1414 1423 1466 je
1443 1413 1707 1465 conjureraie

131 1489 285 1520 encore
303 1491 402 1520 mon
419 1480 525 1532 juge
545 1480 596 1520 de
617 1492 683 1520 me
702 1481 957 1532 pardonner.
980 1478 1100 1532 (Ibid.
1124 1478 1207 1532 15.)
1230 1493 1249 1517 υ
1279 1480 1468 1520 Souvent
1500 1490 1553 1518 en
1586 1478 1701 1526 eflet,

132 1542 194 1585 dit
213 1544 258 1584 S.
282 1544 499 1597 Gregoire‚
520 1544 559 1584 le
580 1545 887 1587 discernement
905 1544 963 1584 du
981 1545 1003 1586 J
1011 1556 1093 1596 uge
1125 1545 1211 1584 voit
1243 1556 1326 1585 une
1358 1543 1560 1584 souillure
1586 1543 1629 1583 18
1646 1545 1704 1585 οὺ

129 1607 290 1661 l’agent
308 1609 493 1650 trouvait
512 1621 596 1649 une
616 1622 758 1650 oeuvre
778 1609 1027 1650 admirable.

132 1695 134 1697 >
183 1673 292 1715 G'est
327 1686 434 1727 pour
464 1674 554 1715 8818
586 1687 667 1727 que
707 1675 819 1715 saint
850 1676 1007 1716 Arsene
1040 1675 1204 1715 fondait
1236 1674 1615 1715 continueliement
1647 1686 1702 1714 en

127 1743 296 1794 1811885,
312 1749 354 1785 81
371 1757 534 1786 8018188
564 1758 620 1785 88
645 1745 855 1798 religieux
884 1746 944 1786 lui
976 1758 1030 1786 en
1062 1746 1306 1786 demandait
1326 1745 1367 1786 la
1387 1746 1546 1794 raison,
1568 1745 1599 1784 il
1630 1746 1700 1785 18-

127 1809 278 1861 pondit
297 1822 307 1850 ε
328 1823 347 1848 (t
369 1811 519 1858 Quand
533 1811 577 1863 je
597 1823 723 1864 pense
744 1804 927 1864 qu’Esau
945 1824 970 1852 8
989 1813 1057 1852 818
1072 1813 1276 1864 reprouve
1292 1811 1397 1851 dans
1418 1811 1456 1851 le
1476 1811 1565 1851 5818
1585 1810 1635 1850 (18
1655 1821 1706 1851 sa

129 1873 257 1923 mere,
281 1885 362 1926 que
380 1874 509 1915 Judas
528 1877 590 1914 est
609 1875 644 1914 si
674 1874 1087 1916 malheureusement
1117 1875 1258 1915 tombe
1292 1876 1343 1916 de
1378 1875 1418 1915 la
1448 1873 1701 1927 compagnie

564 163 741 196 1818111811
770 163 983 193 munimus
1013 164 1064 192 nn
1093 153 1281 193 L’Avsxr.

933 2071 1071 2119 sciunt,
1091 2083 1140 2108 an
1161 2082 1247 2108 vere
1267 2072 1360 2118 justi
1393 2075 1495 2115 sunt,
1517 2081 1567 2107 an
1595 2069 1704 2106 odio·

128 2069 219 2116 quid
256 2070 510 2118 expectabunt
547 2071 689 2119 impii?
720 2073 894 2117 Quonam

932 2130 982 2156 an
1001 2131 1130 2156 amore
1150 2120 1270 2165 digni.
1294 2121 1402 2156 Arcta
1422 2123 1478 2155 est
1505 2118 1609 2154 enim
1643 2118 1701 2155 via

127 2120 269 2154 terrore
301 2119 596 2155 concutientur?
635 2119 703 2157 Ubi
733 2131 893 2167 appare-

127 2163 255 2202 bunt?
290 2166 380 2210 Quis
417 2177 481 2203 eos
519 2167 624 2204 locus
662 2168 835 2215 excipiat,
858 2173 894 2205 et

154 2222 212 2249 uae
230 2213 453 2251 sors?01im
473 2214 689 2251 minabatur
711 2216 894 2252 Dominus

154 2259 260 2297 icens
279 2264 387 2298 terrae
408 2262 522 2298 Israel
542 2273 608 2308 per
634 2262 858 2309 Prophetam
883 2275 891 2300 :

133 2319 150 2340 ι
178 2309 276 2344 Eece
304 2318 373 2351 ego
403 2309 450 2346 ad
478 2315 529 2354 te,
558 2314 595 2346 81
632 2309 779 2356 ejiciam
818 2311 894 2358 gla-

127 2354 235 2392 dium
255 2365 382 2392 meum
413 2357 459 2393 de
489 2357 624 2404 vagina
655 2362 691 2394 81
721 2359 893 2395 occidam

130 2401 173 2440 in
193 2406 227 2439 te
242 2403 386 2449 justum
407 2408 443 2440 et
465 2405 643 2451 impium,
663 2408 700 2442 et
729 2406 892 2452 egredie-

130 2452 191 2486 tur
209 2450 356 2497 gladius
376 2461 483 2488 meus
501 2452 548 2489 de
575 2453 709 2498 vagina
740 2454 787 2489 ad
814 2465 893 2491 om·

130 2506 219 2534 11818
257 2508 428 2544 8818818,
464 2499 512 2536 ab
545 2500 679 2537 Austro
699 2511 818 2548 usque
845 2502 890 2538 ad

130 2543 367 2591 Aquilonem.
391 2562 406 2581 n
433 2547 510 2584 Hoc
528 2547 654 2594 ipsum
674 2548 741 2586 fini
762 2549 891 2586 saeculi

131 2591 271 2645 optime
290 2595 481 2639 congruit,
502 2594 590 2641 quia
624 2600 714 2632 tunc
743 2596 891 2643 gladius

129 2637 267 2692 81111118
288 2640 444 2685 justitiae
472 2643 579 2688 quasi
598 2653 619 2680 8
634 2644 772 2690 vagina
802 2644 891 2681 edu—

130 2690 240 2730 citur,
278 2691 319 2724 ut
365 2690 563 2726 exscindet
609 2694 645 2727 et
684 2691 888 2728 vindictam

129 2738 314 2787 exerceat,
333 2746 411 2772 non
430 2737 555 2774 solum
574 2747 662 2784 erga
691 2739 889 2776 manifeste

128 2789 281 2833 11811105,
300 2782 510 2821 sed.etiam
541 2795 630 2831 erga
658 2796 723 2822 eos
754 2787 818 2832 qui
848 2797 888 2823 se

124 2832 248 2874 justos
284 2832 429 2882 putant,
467 2835 502 2868 et
538 2832 638 2879 apud
677 2833 796 2870 Deum
833 2835 887 2871 rei

127 2878 240 2919 sunt;
263 2875 394 2914 tahum
420 2886 507 2916 vero
538 2879 696 2927 exiguus
728 2891 806 2918 non
832 2886 888 2919 est

125 2932 320 2977 numerus.
342 2924 464 2978 Immo
481 2925 592 2963 electi
618 2928 732 2965 etiam
751 2928 822 2967 hac
839 2929 886 2966 88

124 2979 242 3008 causa
282 2971 484 3019 trepidant,
526 2974 616 3021 quia
658 2980 760 3013 certo
805 2987 886 3014 non

933 2178 1016 2214 quae
1053 2167 1157 2204 ducit
1194 2167 1241 2203 ad
1280 2168 1408 2210 vitam,
1442 2171 1476 2202 et
1510 2165 1700 2212 judicium

935 2216 999 2251 Dei
1021 2215 1258 2262 incognitum
1279 2219 1316 2251 81
1329 2214 1493 2260 rigidum
1509 2218 1577 2250 est.
1595 2212 1700 2250 Unde

933 2273 1006 2308 quo
1037 2263 1085 2299 ad
1125 2263 1239 2299 linem
1268 2262 1359 2308 justi
1389 2261 1509 2307 magis
1541 2260 1699 2307 propin-

932 2315 1063 2356 quant,
1084 2321 1128 2347 eo
1150 2310 1271 2356 magis
1296 2310 1496 2356 trepidant.
1525 2322 1538 2338 ‹=
1561 2308 1597 2344 Si
1629 2307 1699 2345 181·

932 2358 1050 2395 serint
1088 2363 1281 2404 tamquam
1320 2357 1585 2394 mundissimae
1621 2366 1701 2392 ma·

931 2415 1005 2442 nus
1032 2416 1140 2452 meae,
1173 2410 1301 2442 tamen
1333 2405 1508 2442 sordibus
1533 2404 1699 2450 intinges

931 2463 1007 2496 me,
1026 2468 1040 2487 »
1065 2453 1212 2490 dicebat
1232 2453 1315 2490 Job.
1339 2453 1383 2488 Et
1403 2462 1531 2488 rursus
1551 2451 1696 2488 aiebat:

934 2516 947 2533 α
971 2501 1010 2537 Si
1048 2502 1139 2548 quid
1174 2502 1322 2548 justum
1350 2500 1531 2543 habuero,
1571 2502 1698 2536 tamen

925 2548 1094 2594 judicem
1121 2559 1249 2586 meum
1278 2546 1508 2593 deprecabor
1543 2558 1561 2579 n
1592 2547 1699 2593 Saepe

929 2596 1043 2633 etiam
1069 2598 1193 2633 sordet
1225 2596 1265 2632 in
1298 2595 1524 2631 discretione
1552 2594 1696 2631 Iudicis

929 2645 1028 2690 quod
1048 2643 1165 2690 fulget
1184 2644 1223 2679 in
1249 2643 1500 2679 aestimatione
1531 2652 1695 2688 operan-

928 2692 990 2734 tis,
1013 2696 1052 2727 ut
1072 2692 1164 2728 dicit
1185 2695 1338 2727 sanctus
1357 2689 1573 2736 Gregorius.

974 2739 1175 2785 Propterea
1195 2743 1349 2774 sanctus
1368 2738 1547 2774 Arsenius
1571 2737 1692 2773 conti-

926 2786 1014 2822 nuis
1045 2785 1270 2822 conficiebat
1302 2785 1493 2830 lacrymis,
1519 2794 1696 2821 causam-

926 2844 998 2880 que
1017 2845 1039 2869 a
1065 2834 1228 2879 quodam
1261 2832 1446 2879 Religioso
1478 2833 1691 2878 interroga·-

926 2886 999 2926 tus,
1034 2880 1132 2916 hanc
1152 2879 1337 2917 reddidit:
1355 2880 1514 2924 Quando
1536 2880 1693 2917 memini

925 2931 1020 2964 Esau
1039 2927 1154 2964 fuisse
1173 2927 1375 2974 reprobum
1395 2927 1442 2963 de
1462 2931 1590 2964 ventre
1609 2937 1694 2965 ma-

925 2976 1017 3020 tris;
1038 2979 1073 3012 81
1093 2975 1229 3012 Judam
1249 2985 1270 3012 e
1289 2974 1427 3012 Christi
1460 2975 1636 3012 societate
1655 2979 1692 3012 81
