1858 3184
1571 124 1732 168 ¹199

801 142 824 170 Ο
857 141 1097 170 numanum..

104 275 111 281 ,
158 225 315 266 natzbns
361 229 397 264 et
444 222 527 264 leur
566 217 774 278 Sauneurl
808 220 852 260 3⁰
899 217 1018 259 Vener.
1058 230 1155 258 nous
1189 228 1346 262 saut-er.
1388 215 1582 270 Sei-qnem-
1618 221 1732 257 notre

160 289 387 396 &Et-nom
406 349 691 394 d’Emmanuel
706 351 769 390 est
782 349 971 389 attribue
993 350 1018 388 ὲ
1036 346 1319 389 ,lesus-Christ
1343 359 1420 400 par
1454 347 1559 387 Iseie
1581 347 1667 399 (vu)
1687 350 1732 387 et

156 417 444 471 l’evangeliste
463 416 724 468 l'interprete
744 414 848 454 dans
867 414 905 454 le
923 426 1020 453 sens
1041 413 1092 454 de
1116 429 1135 450 «
1157 412 1263 453 Dieu
1295 424 1395 452 avec
1425 424 1545 452 nous.
1569 426 1588 450 »
1609 412 1728 461 Mais,

155 485 190 525 si
219 488 341 525 notre
360 481 620 524 Tourterelle
652 480 908 532 gemissante
927 478 1120 531 l'eppelle
1154 490 1251 517 sous
1284 489 1329 518 ee
1361 489 1475 527 nom,
1498 489 1606 529 pour
1626 476 1731 530 qu’il

157 550 378 598 §ineat-ne,
402 546 511 587 celui
531 546 605 598 qui
625 545 713 586 doit
741 546 829 584 etre
857 556 957 584 avec
989 556 1111 601 nous,
1134 543 1243 584 celui
1276 542 1349 595 qui
1381 542 1577 582 semblait
1607 541 1731 583 s’etre

154 615 321 667 etoignc
344 613 395 654 de
415 624 521 652 nous
541 613 567 651 ὁ,
585 622 707 651 cause
727 610 778 650 de
798 622 874 649 nos
893 610 1059 663 peche8‚
1081 622 1152 649 ear
1175 623 1194 646 «
1215 608 1320 648 Dieu
1341 620 1384 648 se
1413 608 1518 647 tient
1545 599 1635 647 loin
1655 606 1729 648 des

152 680 371 733 pecheurs.
399 693 417 715 ι)
440 676 542 717 Bien
565 676 664 729 qu'il
686 677 767 715 soit
785 678 970 727 pai-tout,
993 674 1229 728 cependant
1249 686 1304 714 on
1326 673 1389 714 dit
1420 673 1524 725 qu’il
1555 672 1728 713 s'ecarte

153 745 206 785 de
225 755 331 784 ceux
351 742 424 796 qui
443 742 696 782 l'oti'ensent.
719 740 752 781 ll
773 741 864 780 leur
891 740 1019 780 retire
1051 752 1096 779 sa
1130 741 1254 791 grece
1274 742 1317 778 et
1334 751 1381 778 sa
1400 739 1600 791 presence
1630 739 1726 791 spe·

152 808 270 858 ciale,
293 821 338 848 sa
358 807 534 848 lumiere
566 810 607 847 et
638 818 683 846 sa
713 806 814 859 paix
846 806 1094 854 interieure,
1116 805 1176 845 les
1202 808 1344 844 autres
1375 804 1480 844 dous
1512 803 1728 856 speciaux.

150 875 324 916 Comme
345 873 409 913 s’il
429 873 532 914 etait
550 872 696 912 absent
727 874 768 911 et
802 871 899 911 bien
928 871 1034 915 loin.
1065 871 1093 910 il
1126 870 1327 910 n’exauee
1355 869 1399 908 ni
1432 869 1543 908 leurs
1562 868 1658 916 cris,
1681 867 1726 908 ni

147 939 261 980 leurs
282 950 424 979 voeux.
446 938 479 979 ll
501 950 552 978 ne
573 938 666 978 leur
685 941 748 977 est
768 939 937 990 present
959 948 1039 988 que
1059 947 1222 975 comme
1238 935 1344 986 juge
1365 940 1406 974 et
1426 946 1590 974 comme
1622 945 1722 974 ven·

150 1016 271 1057 geur.
294 1003 403 1045 C’est,
423 1003 632 1056 pourquoi
653 1003 704 1042 ils
724 1002 898 1041 doivent
917 1008 1081 1041 rentrer
1100 1001 1226 1040 d'uue
1253 1000 1402 1052 region
1435 999 1656 1047 lointaiue,
1674 999 1727 1039 de

146 1069 207 1110 lui
226 1081 319 1110 vers
340 1070 413 1117 lui,
435 1068 486 1108 de
509 1069 614 1108 Dieu
637 1080 725 1108 vers
746 1067 866 1117 nien,
891 1066 941 1106 de
962 1067 1021 1106 lui
1042 1078 1204 1106 comme
1225 1066 1335 1117 suge
1358 1077 1450 1105 vers
1471 1065 1530 1104 lui
1560 1075 1724 1104 comme

146 1135 268 1185 Pero,
290 1135 341 1174 de
359 1134 419 1174 lui
440 1134 555 1174 irrite
583 1146 676 1174 vers
696 1133 754 1172 lui
775 1132 931 1185 apaise.
954 1134 1009 1172 Ce
1041 1132 1114 1184 qui
1136 1144 1179 1171 se
1201 1131 1278 1170 fait
1298 1142 1372 1183 par
1392 1129 1594 1170 l‘humble
1615 1141 1722 1170 aveu

145 1200 203 1241 du
232 1200 363 1252 peche
383 1202 424 1239 et
444 1211 519 1252 par
539 1200 580 1239 la
598 1198 818 1252 penitence
839 1198 913 1250 qui
943 1199 1116 1237 ramene
1144 1196 1344 1236 l’homme
1365 1196 1416 1235 de
1436 1195 1667 1236 l'Oceident
1697 1196 1722 1235 ὀ,

146 1264 324 1306 l'Orient
343 1265 394 1306 de
414 1265 455 1304 la
476 1266 614 1316 grece.

197 1329 306 1371 G'est
323 1329 533 1383 pourquoi
552 1341 607 1368 on
627 1328 833 1369 demande
854 1340 907 1368 au
929 1327 1067 1368 Christ
1087 1326 1216 1366 -t’etre
1236 1338 1296 1366 un
1323 1326 1428 1366 Dieu
1460 1337 1560 1365 avec
1591 1337 1711 1373 nous,

145 1394 196 1436 de
217 1395 393 1447 dissiper
413 1395 473 1434 les
493 1394 684 1434 tenebres
704 1394 759 1433 du
793 1393 923 1446 peche
945 1396 987 1432 et
1006 1392 1045 1432 la
1066 1394 1175 1431 nuee
1207 1391 1279 1443 qui
1310 1390 1558 1444 s'interpose
1597 1395 1719 1431 entre

142 1459 204 1501 lui
224 1462 266 1500 et
286 1472 406 1508 nous,
442 1459 542 1512 qu’il
575 1458 820 1511 s'upproche
841 1458 935 1510 plus
954 1459 1048 1509 pres
1068 1457 1118 1496 de
1140 1468 1246 1495 nous
1267 1455 1617 1495 non-seulement
1643 1467 1720 1508 par

141 1536 190 1565 se.
211 1526 336 1577 grece
356 1528 397 1563 et
417 1536 461 1564 sa
480 1524 672 1571 lumiere,
696 1523 801 1563 mais
822 1534 972 1562 encore
992 1534 1068 1574 par
1089 1533 1172 1561 une
1191 1523 1389 1573 presence
1421 1519 1652 1573 corporelle
1672 1523 1715 1561 et

140 1601 219 1643 par
238 1600 322 1630 une
343 1588 472 1629 union
490 1588 754 1642 personuelle
774 1600 874 1628 avec
893 1592 1015 1628 notre
1037 1590 1203 1626 nature.

195 1655 230 1695 Il
249 1667 275 1695 a
295 1656 361 1695 ete
381 1653 474 1706 plus
494 1654 793 1707 specialement
813 1653 962 1706 appele
987 1669 1006 1689 «
1028 1651 1289 1699 Emmanuel,
1312 1652 1417 1694 Dieu
1437 1663 1539 1691 avec
1567 1663 1674 1692 nous
1695 1665 1714 1690 υ

141 1719 378 1773 lorsqueule
391 1720 526 1760 Verbe
546 1719 642 1759 s’est
662 1719 740 1759 fait
759 1718 890 1768 cheir,
903 1722 944 1758 et
963 1718 1065 1771 qu'il
1085 1731 1110 1758 a
1129 1718 1271 1758 habite
1285 1718 1422 1770 parmi
1439 1730 1559 1765 nous,
1576 1721 1718 1770 etque

146 1797 252 1825 nous
270 1797 403 1825 avons
423 1797 477 1826 vu
498 1797 542 1825 sa
569 1784 718 1836 gloire‚
740 1784 782 1824 la
798 1784 931 1836 gloire
952 1795 1115 1824 comme
1134 1783 1190 1823 du
1211 1783 1295 1823 Fils
1326 1783 1486 1835 unique
1512 1782 1567 1822 tlu
1597 1783 1714 1832 Per-e,

143 1852 259 1890 etant
272 1850 383 1902 plein
395 1850 446 1890 de
468 1852 592 1902 grace
605 1850 711 1890 etde
725 1848 1239 1902 verite.(.lean.x1v‚14.)»
1258 1849 1373 1889 Cette
1397 1848 1530 1900 gloire
1553 1848 1617 1887 fut
1638 1859 1718 1888 vue

142 2003 284 2043 noster,
315 1998 523 2044 expectatio
555 1996 747 2042 Gentium,
768 2002 803 2034 et
831 1998 909 2034 Sal·
946 1997 1065 2033 Judex
1086 2001 1122 2033 et
1142 1996 1301 2033 Vindex.
1319 1997 1553 2042 Quapropter
1566 1995 1718 2031 delon-

139 2050 243 2084 vator
263 2056 406 2082 earum.
428 2047 463 2082 3.
488 2045 580 2082 Veni
608 2046 655 2082 ad
685 2046 906 2083 salvandum

141 2105 226 2139 noS‚
251 2094 410 2130 Domine
435 2094 530 2130 Deus
550 2098 690 2130 noster.
715 2109 730 2128 »

193 2156 206 2174 α
232 2141 379 2179 Nomen
408 2140 632 2177 Emmanuel
661 2141 809 2178 Christo
838 2142 906 2177 tri-

140 2188 268 2227 buitur
287 2189 387 2236 apud
410 2189 560 2231 isaiam,
575 2199 657 2235 cup.
676 2201 740 2234 vu,
757 2194 793 2225 et
813 2189 907 2225 illud

141 2236 408 2283 interpretatur
445 2237 682 2282 Evungelista
721 2237 820 2273 idem
855 2237 907 2273 si-

139 2285 338 2369 gnificare,
371 2285 468 2331 quod
491 2298 504 2315 α
524 2284 729 2322 Nobiscum
754 2285 863 2321 Deus.
890 2299 903 2315 υ

166 2332 211 2369 ed
230 2337 316 2377 apte
336 2338 434 2369 certe
455 2331 518 2369 hic
537 2332 674 2369 'rui-tur
695 2337 822 2368 nostra
841 2343 907 2378 ge-

139 2379 331 2417 mebunda
350 2379 421 2416 sub
443 2379 513 2416 hoe
534 2380 691 2416 nomine
722 2390 810 2416 euin
838 2380 907 2416 ad-

139 2431 262 2471 vocat,
285 2432 324 2464 ut
339 2427 418 2472 jam
445 2427 568 2464 veniat
587 2428 628 2464 in
648 2438 803 2464 earnem
836 2438 907 2464 no-

140 2473 288 2512 biscum
316 2475 478 2518 futurus,
499 2475 563 2521 qui
584 2475 716 2522 procul
748 2487 770 2511 a
798 2475 909 2512 nobis

142 2520 190 2558 ob
232 2527 385 2570 peccata
430 2527 556 2560 nostra
606 2523 804 2559 recessisse
850 2523 907 2559 vi-

142 2567 310 2622 debatur.
350 2583 363 2601 u
401 2570 525 2615 Longe
556 2571 662 2607 enim
686 2582 708 2606 a
732 2576 907 2618 peecato-

141 2615 247 2653 rlbus
269 2631 282 2649 n
308 2617 419 2654 Deus.
454 2618 555 2654 Licet
587 2618 726 2665 ubique
754 2618 816 2662 sit,
850 2623 908 2654 ta-

142 2672 233 2700 men
267 2665 442 2702 recedere
481 2665 619 2702 dicitur
655 2666 703 2702 ab
735 2666 813 2702 illis
844 2666 907 2712 qui

142 2719 231 2747 eum
261 2710 472 2756 offendunt,
504 2713 663 2759 gratiam
692 2717 728 2750 et
760 2714 908 2760 specia-

141 2757 218 2795 lem
237 2759 475 2812 praesentiam
495 2770 604 2797 suam
625 2761 754 2797 lumen
774 2771 819 2797 ac
839 2772 907 2808 pa-

142 2814 227 2842 cem
247 2810 452 2851 internam,
471 2808 619 2855 aliaque
638 2808 818 2856 specialia
837 2809 907 2846 do-

143 2863 209 2896 na,
230 2856 267 2889 et
287 2853 393 2899 quasi
412 2854 550 2893 absens
569 2866 590 2892 e
608 2857 817 2903 longinquo
849 2856 909 2893 so·-

144 2905 215 2945 ret‚
253 2910 384 2937 eorum
418 2902 602 2941 clamores
640 2907 676 2940 et
722 2908 805 2941 vota
830 2914 909 2940 non

144 2948 318 2991 exaudit;
338 2958 411 2985 nec
429 2954 483 2986 est
501 2950 557 2987 eis
575 2961 758 2998 praesens,
772 2951 848 2988 nisi
871 2956 910 2987 ut

947 2046 1086 2091 ginqua
1116 2044 1269 2090 regione
1301 2044 1441 2079 debent
1474 2043 1546 2090 ipsi
1580 2042 1718 2086 redire,

946 2094 993 2128 ad
1019 2094 1145 2138 ipsum
1174 2091 1223 2127 ab
1251 2092 1348 2137 ipso,
1369 2103 1391 2126 a
1414 2092 1488 2126 Deo
1508 2091 1556 2126 ad
1581 2091 1715 2134 Deum,

946 2140 993 2176 ab
1015 2141 1096 2186 ipso
1119 2144 1157 2175 ut
1177 2139 1324 2183 judice,
1344 2139 1389 2174 ad
1413 2139 1539 2184 ipsum
1574 2142 1613 2174 ut
1643 2137 1717 2173 Pa-

949 2194 1058 2230 trem,
1079 2187 1126 2223 ab
1147 2187 1227 2234 ipso
1248 2187 1358 2229 irato,
1379 2186 1424 2222 ad
1447 2186 1573 2232 ipsum
1594 2185 1718 2231 placa·

950 2242 1041 2272 tum.
1077 2235 1184 2279 Quod
1207 2235 1245 2270 tit
1266 2245 1332 2281 per
1355 2233 1537 2270 humilem
1571 2232 1720 2279 pcccati

947 2283 1196 2329 agnitionem,
1219 2286 1254 2318 et
1275 2282 1539 2328 poenitentium
1559 2291 1644 2326 quae
1667 2279 1718 2316 ab

948 2331 1153 2367 Occidente
1174 2330 1319 2367 reducit
1346 2330 1542 2366 hominem
1562 2329 1609 2364 ad
1629 2338 1720 2374 gra-

950 2379 1010 2415 tioe
1030 2379 1239 2415 Orientem.

995 2427 1124 2474 ltaque
1155 2426 1351 2462 invocatur
1385 2424 1568 2466 Christus,
1598 2427 1637 2458 ut
1669 2423 1719 2459 sit

951 2475 1047 2510 Deus
1080 2473 1296 2516 nobiscum,
1330 2476 1365 2508 et
1393 2471 1550 2507 detersis
1570 2470 1718 2517 peccati

949 2521 1128 2566 tenebris,
1149 2531 1193 2558 ae
1215 2520 1315 2556 nube
1335 2530 1418 2566 quae
1448 2519 1545 2554 inter
1577 2528 1647 2555 nos
1679 2522 1717 2555 et.

949 2570 1074 2616 ipsum
1094 2569 1307 2605 intercedit.
1330 2565 1579 2613 propinquior
1604 2564 1716 2602 nohis

949 2618 1011 2654 [iat
1034 2628 1042 2654 z
1068 2627 1146 2654 nou
1167 2616 1290 2652 solum
1311 2625 1375 2660 per
1395 2614 1554 2660 gratiam
1585 2618 1622 2650 et
1652 2613 1714 2650 lu-

947 2675 1046 2708 cem,
1061 2665 1126 2700 sed
1146 2664 1259 2700 etiam
1280 2673 1346 2708 pet·
1365 2661 1600 2708 corporalem
1614 2671 1715 2707 prae-

948 2713 1108 2749 sentiam
1129 2715 1165 2747 et
1190 2709 1427 2756 personalem
1460 2719 1547 2746 cum
1581 2713 1715 2745 natura

950 2765 1075 2796 nostra
1097 2759 1293 2794 unionem.
1318 2757 1450 2803 Utique
1483 2754 1716 2803 specialissi-

949 2818 1008 2844 me
1045 2807 1167 2843 dictus
1208 2809 1263 2841 est
1299 2803 1553 2847 Emmanuel,
1575 2803 1718 2842 Nobis-

948 2865 1036 2892 cum
1060 2855 1171 2898 Deus,
1197 2851 1349 2898 quando
1385 2867 1398 2884 «ι
1432 2851 1595 2889 Verbum
1627 2859 1716 2887 caro

950 2903 1091 2938 factum
1112 2904 1182 2944 est,
1203 2904 1239 2936 et
1261 2899 1440 2936 habitavit
1467 2900 1506 2936 in
1531 2898 1716 2942 nobisset

950 2949 1112 2986 vidimus
1130 2947 1291 2994 gloriam
1310 2947 1407 2994 eJus,
1426 2947 1586 2993 gloriam
1607 2944 1715 2993 quasi
