1858 3184
1616 145 1697 188 233

129 243 236 285 Dieu
254 242 314 284 les
333 240 508 283 oubliAt.
535 240 602 290 Et,
623 237 748 279 chose
777 231 1084 287 merveilleuse,
1104 235 1145 277 18
1174 234 1293 276 801811
1322 237 1365 275 81
1393 234 1453 276 188
1482 238 1614 275 astres
1641 245 1695 276 ne

131 307 426 350 decouvriront
444 303 563 359 point
581 315 646 345 ees
665 302 816 343 crimes
835 313 887 343 en
905 301 963 342 les
981 300 1187 342 inondant
1205 301 1256 340 de
1275 301 1368 340 leur
1384 300 1576 347 18181818,
1591 299 1699 340 mais

133 373 232 414 c'est
249 385 326 426 par
344 373 416 412 888
432 369 623 411 tenebras
643 367 767 421 qu’ils
785 367 986 420 puniront
998 370 1040 407 et
1070 365 1307 406 reveleront
1338 364 1452 405 leurs
1488 364 1697 414 tenebras,

132 439 183 479 ils
203 438 427 479 retireront
444 435 538 476 leur
555 433 748 484 1111111818,
770 443 932 472 comme
952 443 1060 485 pour
1078 442 1122 471 se
1140 431 1328 483 repentir
1344 430 1395 470 de
1418 431 1457 470 18
1475 430 1568 470 leur
1585 429 1702 469 avoir

135 503 298 544 808888
315 513 422 556 pour
440 499 608 553 pecher,
629 510 790 539 comme
821 509 928 550 pour
947 500 1119 537 attester
1139 508 1222 549 que
1241 508 1307 536 888
1337 495 1488 548 peches
1518 494 1579 534 les
1608 506 1703 534 eou-

133 571 258 609 vrent
272 568 323 608 de
341 567 472 607 honte
491 567 533 606 et
552 564 604 605 de
624 563 861 604 confusion.
883 562 991 603 C'est
1010 562 1117 602 ainsi
1135 574 1218 614 que
1250 562 1449 601 l'homme
1481 572 1535 601 ne
1555 559 1704 600 redon·

134 636 226 674 tera
243 644 316 685 pas
335 634 443 672 cette
461 630 604 682 image
624 629 676 670 de
694 628 807 669 deuil
826 628 933 669 dans
950 628 989 668 le
1009 627 1103 678 ciel,
1126 627 1262 667 moins
1282 638 1363 679 que
1400 626 1442 666 18
1471 625 1570 666 voix
1600 624 1702 668 d’un

133 698 390 739 aceusateur.
427 696 502 736 Les
538 697 683 744 881188,
705 696 967 747 auparavant
1004 704 1068 732 ses
1106 693 1210 733 amis
1246 695 1288 732 et
1325 704 1370 731 sa
1415 691 1513 743 joie,
1548 712 1602 720 -
1632 701 1703 730 car

133 762 331 803 l’homme
350 761 410 801 vit
429 761 480 801 de
501 760 543 800 18
561 772 642 800 vue
661 763 703 800 et
722 759 772 799 de
804 759 1040 800 l’inssuence
1071 758 1127 798 88
1158 758 1251 807 8181,
1273 779 1327 787 —-
1357 757 1623 808 changeront
1650 754 1702 795 de

132 827 308 877 1818,118
328 826 602 867 deviendront
632 824 767 866 cruels
798 827 841 865 et
872 825 1063 866 terribles
1098 836 1176 876 par
1211 823 1478 863 l'accusation
1508 821 1559 861 de
1591 820 1704 861 leurs

132 892 339 933 tenebres.
359 891 480 932 Alors
498 891 538 931 le
558 890 741 943 pecheur
779 890 871 930 8118
902 890 1134 942 ι1881818881
1171 890 1197 929 a
1232 889 1370 928 Dieu:
1397 903 1416 923 «
1455 886 1535 927 J’ai
1572 884 1704 938 peche
1728 885 1773 918 s

131 960 276 998 contre
295 957 333 997 18
353 956 431 997 8181
450 961 492 996 81
511 959 655 996 contre
675 967 792 1006 vous,
815 968 835 992 1>
860 966 984 1007 parce
1004 953 1107 1008 qu'il
1125 954 1282 994 sentira
1302 964 1383 1006 que
1411 952 1516 993 Dieu
1547 954 1590 991 et
1621 960 1703 1004 que

131 1025 248 1063 toute
266 1022 439 1064 l’armee
457 1022 608 1061 celeste
628 1023 723 1060 sont
743 1022 881 1060 8111188
900 1023 1046 1060 808118
1068 1019 1143 1059 181.

185 1089 314 1129 08118
335 1088 374 1127 18
393 1086 527 1135 801811,
549 1087 589 1126 18
608 1086 709 1126 1888
729 1090 770 1126 81
789 1085 848 1125 188
869 1085 1015 1125 8101188
1035 1085 1109 1138 qui
1129 1085 1386 1136 effrayeront
1405 1083 1464 1123 les
1492 1082 1655 1135 impios,
1673 1081 1703 1121 il

61 1174 69 1183 ·
131 1166 159 1206 y
178 1165 282 1194 aura
301 1164 452 1193 encore
472 1157 513 1192 et
533 1154 698 1191 surtout
718 1151 757 1191 le
778 1150 895 1202 signe
916 1150 971 1203 du
995 1150 1078 1190 Fils
1098 1150 1149 1191 de
1169 1150 1386 1198 l'homme,
1409 1148 1482 1200 qui
1503 1148 1701 1200 apparui-

131 1222 197 1259 tra
216 1218 320 1258 dans
338 1218 377 1258 18
396 1216 488 1265 8181,
510 1217 647 1256 811881
678 1227 918 1267 1188388888
950 1218 1097 1255 contre
1129 1215 1190 1265 les
1223 1214 1456 1254 1888118818.
1477 1214 1511 1252 A
1541 1225 1586 1252 sa
1605 1223 1700 1261 vue,

90 1280 157 1326 ts«
177 1287 314 1324 toutes
334 1283 394 1323 les
413 1283 547 1323 tribus
566 1282 617 1322 de
638 1281 679 1321 la
698 1286 809 1321 terre
829 1280 1092 1333 pleureront,
1114 1282 1274 1332 voyant
1293 1278 1398 1319 celui
1430 1277 1603 1330 qu'elles
1632 1275 1705 1317 0111
1726 1270 1770 1305 *s

131 1349 387 1400 1188898188,
410 1346 556 1399 (Zac-le.
579 1346 675 1400 xii.)
688 1360 706 1384 »
728 1346 835 1386 111818
854 1346 955 1386 elles
973 1346 1013 1386 18
1034 1349 1207 1386 verront
1226 1347 1252 1384 8
1270 1345 1363 1384 1881
1383 1343 1540 1396 grande
1561 1342 1706 1383 80818-

133 1413 241 1454 sion.
262 1413 296 1453 ll
315 1413 543 1453 deviendra
562 1412 729 1452 funeste
748 1412 872 1462 alors,
888 1414 953 1451 cet
972 1411 1110 1459 arbre,
1126 1414 1388 1462 auparavant
1409 1409 1529 1448 arbre
1549 1408 1600 1448 de
1619 1407 1701 1455 vie,
1753 1422 1757 1428 ·

134 1481 158 1518 a
178 1477 352 1518 l’ombre
372 1478 529 1530 duquel
549 1477 587 1518 le
607 1477 791 1529 pecheur
809 1488 852 1516 se
874 1475 1077 1527 1811131811
1108 1478 1252 1515 contre
1285 1474 1345 1514 les
1376 1474 1548 1514 foudres
1580 1472 1631 1513 de
1663 1472 1706 1512 18

132 1543 550 1598 vengeancedivine.
572 1543 648 1582 Cet
671 1541 793 1581 arbre
825 1541 877 1581 de
907 1541 949 1580 18
979 1540 1263 1592 1888188ῑί08,
1285 1539 1358 1592 qui
1389 1538 1493 1579 81811
1522 1546 1704 1591 anpara-

131 1611 235 1648 vant
251 1621 310 1648 un
330 1608 452 1659 signe
473 1607 707 1656 8’81118888,
729 1618 814 1647 888
833 1618 978 1646 source
999 1606 1050 1646 de
1073 1607 1198 1658 grace
1219 1608 1262 1644 et
1281 1605 1331 1644 de
1345 1605 1469 1655 salut,
1483 1615 1576 1643 sera
1589 1603 1703 1643 alors

132 1673 171 1714 18
190 1684 407 1726 1118888381
426 1672 476 1713 88
497 1675 591 1713 1088
610 1672 669 1712 les
695 1684 842 1712 maux.
863 1673 920 1712 Le
940 1683 1048 1723 8883
1067 1671 1270 1711 autrefois
1301 1671 1420 1709 verse
1451 1680 1614 1709 comme
1646 1680 1706 1708 un

80 1784 90 1790 ,
133 1750 241 1790 sang
273 1738 324 1779 de
355 1738 677 1778 reconciliation
710 1740 753 1778 et
785 1737 837 1777 de
870 1736 1144 1789 propitiation
1164 1735 1394 1776 deviendra
1426 1747 1485 1774 un
1519 1745 1626 1785 sang
1658 1733 1710 1774 de

132 1804 405 1844 vociferation
426 1803 499 1856 qui
519 1803 777 1843 demandera
792 1803 943 1854 justice
963 1806 1005 1842 et
1025 1813 1266 1854 vengeance
1285 1804 1430 1840 contre
1452 1801 1511 1840 les
1538 1799 1704 1852 1831818

135 1868 328 1921 quil'ont
346 1880 398 1908 en
417 1868 599 1921 quelque
632 1871 742 1908 sorte
771 1867 886 1908 10818
918 1880 1003 1907 aux
1031 1867 1148 1920 pieds
1168 1870 1210 1907 et
1229 1866 1424 1918 meprise.
1459 1866 1582 1905 Alors
1614 1864 1707 1904 leur

550 160 728 193 1118111811
755 158 968 191 muueris
998 158 1050 188 88
1079 147 1266 187 &svm-r.

134 2016 290 2060 vellent,
311 2016 342 2052 si
363 2020 532 2063 possent,
548 2021 584 2053 et
603 2016 759 2053 illorum
782 2017 899 2052 Deum

133 2064 306 2102 oblivisci
344 2068 530 2110 optarent.
566 2065 609 2100 Et
642 2063 713 2101 hoc
745 2065 899 2107 mirum,

133 2112 233 2159 quod
254 2123 332 2149 non
352 2112 437 2149 luce
457 2122 524 2148 sua
551 2111 618 2148 illa
637 2111 812 2158 detegent
844 2112 898 2148 sol

133 2164 171 2196 81
201 2163 312 2204 astra,
337 2159 402 2196 sed
429 2159 594 2196 tenebris
627 2159 802 2196 tenebras
833 2170 899 2196 eo-

132 2217 218 2244 rum
238 2207 405 2254 plectent
424 2211 460 2243 et
491 2205 706 2243 revelabunt
727 2223 736 2251 3
759 2207 902 2244 lucem-

134 2264 206 2301 que
233 2255 346 2292 modo
375 2254 630 2299 substrahent,
661 2255 766 2301 quasi
792 2255 899 2291 indo-

133 2302 256 2340 lentes
275 2312 315 2339 se
343 2312 522 2349 umquam
555 2302 679 2339 lucem
712 2303 766 2339 cis
795 2302 899 2339 exhi-

134 2349 261 2387 buisse
280 2354 320 2387 ut
340 2354 553 2396 peccarent,
566 2354 601 2386 et
620 2350 899 2396 quodammodo

134 2397 278 2444 pudore
308 2402 344 2434 81
381 2397 606 2434 confusione
634 2407 674 2434 se
712 2397 814 2435 affici
851 2397 899 2434 ob

135 2454 266 2482 eorum
321 2450 476 2491 peecata
531 2444 778 2482 testabuntur.
838 2445 899 2482 Sic

135 2491 242 2529 illam
279 2492 367 2529 coeli
404 2492 540 2529 faciem
570 2492 782 2530 luctuosam
821 2503 900 2529 non

136 2539 264 2576 minus
285 2540 470 2577 verebitur
491 2540 618 2584 homo,
639 2550 752 2587 quam
784 2550 898 2577 aecu-

137 2586 270 2640 satoris
313 2588 524 2634 cujuspiam
568 2598 692 2624 voces.
734 2589 778 2624 Et
816 2598 899 2634 quae

137 2643 242 2679 prius
272 2633 344 2671 sibi
363 2635 587 2672 videbantur
606 2636 729 2672 amica
755 2635 900 2672 lumina

137 2684 175 2717 et
198 2681 367 2727 1ῑ8881188
395 2684 499 2727 (nam
526 2683 574 2719 de
604 2683 749 2719 coelesti
777 2687 899 2720 astro-

138 2738 223 2782 rum
243 2733 395 2775 aspectu
415 2735 452 2766 et
469 2730 617 2767 influxu
649 2731 739 2767 vivit
770 2730 898 2775 homo)

134 2785 224 2829 Jam·
251 2780 392 2829 niutata
428 2778 523 2814 10118
552 2777 687 2815 acerba
715 2782 827 2814 erunt
864 2782 900 2814 ct

138 2821 320 2859 terrihllia
338 2825 576 2862 accusatione
596 2835 663 2861 sua
675 2825 896 2872 caliginosa.

137 2869 245 2906 Tunc
264 2871 399 2924 merito
420 2871 495 2908 Deo
525 2872 661 2909 dixerit
692 2878 867 2920 peccator
889 2883 896 2908 :

142 2932 156 2950 ιι
181 2917 334 2954 Peccavi
363 2927 404 2955 in
435 2919 574 2957 eoelum
603 2924 640 2957 81
667 2930 796 2957 eoram
822 2924 858 2956 te
881 2934 895 2952 ι

71 2964 78 2973 “
138 2964 226 3012 quia
245 2975 325 3002 non
344 2964 470 3003 solum
483 2966 618 3013 Deum,
638 2968 704 3005 sed
722 2972 758 3005 et
779 2971 899 3005 totum

939 2015 1024 2053 coeli
1046 2016 1254 2052 exercitum
1274 2020 1406 2053 contra
1426 2025 1465 2052 se
1486 2014 1622 2050 sentiet
1641 2024 1705 2050 ar-

941 2068 1097 2100 matum.

985 2111 1114 2158 Neque
1151 2110 1274 2146 sotum
1315 2110 1393 2154 sol,
1426 2110 1536 2153 luna,
1569 2108 1703 2153 stellae,

940 2162 1119 2195 terrorem
1159 2158 1287 2204 impiis
1320 2158 1532 2200 incutient.;
1568 2155 1633 2192 sed
1670 2160 1707 2192 et

939 2207 1104 2242 maxime
1125 2206 1276 2252 signum
1299 2205 1382 2242 Filii
1404 2204 1584 2250 hominis,
1606 2203 1706 2249 quod

939 2254 979 2290 in
1000 2254 1096 2290 coelo
1116 2253 1325 2300 apparebit,
1346 2252 1553 2289 vindictam
1582 2250 1705 2288 incla-

939 2312 1048 2338 mans
1081 2306 1212 2338 contra
1245 2300 1408 2346 impios;
1429 2301 1476 2336 ad
1510 2300 1618 2346 cujus
1650 2308 1706 2334 as-

939 2354 1090 2396 pectum
1132 2363 1147 2382 «t
1189 2348 1369 2395 plangent
1407 2358 1542 2384 omncs
1586 2345 1707 2382 tribus

939 2402 1061 2440 terrae,
1091 2401 1127 2433 et
1157 2396 1338 2433 videbunt
1370 2397 1410 2432 in
1442 2405 1554 2442 quem
1589 2398 1707 2430 trans-

939 2444 1116 2489 fixerunt,
1154 2459 1168 2478 »
1223 2444 1288 2480 888
1336 2444 1383 2479 ad
1440 2441 1706 2478 confusionem

938 2502 1059 2529 suam.
1081 2492 1163 2528 lam
1185 2493 1290 2528 enim
1318 2491 1469 2526 funesta
1496 2490 1566 2526 erit
1594 2488 1706 2526 arbor

938 2540 1018 2583 illa,
1040 2550 1124 2586 quae
1152 2540 1258 2586 prius
1283 2539 1394 2574 arbor
1425 2542 1503 2573 erat
1536 2538 1635 2582 vitae,
1656 2536 1704 2573 ad

938 2587 1046 2634 eujus
1067 2587 1240 2623 umbram
1273 2590 1446 2632 peccator
1475 2584 1618 2622 solebat
1642 2594 1705 2620 re-

938 2646 1089 2672 currere
1109 2639 1241 2670 contra
1267 2634 1412 2669 fulmen
1443 2633 1620 2669 vindictae
1651 2631 1706 2668 di-

939 2682 1048 2719 vinae.
1078 2682 1147 2718 illa
1177 2681 1288 2717 arbor
1315 2680 1600 2727 redemptionis,
1621 2689 1705 2726 quae

938 2731 1043 2777 prius
1063 2730 1214 2776 signum
1247 2733 1324 2764 erat
1359 2727 1525 2770 foedcris,
1558 2733 1594 2764 et
1620 2728 1706 2763 fons

938 2778 1063 2814 omnis
1095 2777 1223 2823 gratiae
1253 2786 1297 2811 ac
1330 2775 1476 2819 salutis,
1505 2776 1586 2822 jam
1618 2785 1706 2811 om—

938 2826 1045 2862 nium
1082 2824 1152 2860 erit
1184 2822 1371 2859 malorum
1402 2823 1638 2869 praenuneia‚
1667 2825 1705 2858 et

939 2872 1092 2918 sanguis
1117 2881 1190 2917 quo
1228 2880 1381 2916 aspersa
1412 2871 1505 2906 olim
1533 2870 1620 2914 fuit,
1650 2879 1705 2906 re-

938 2918 1218 2956 conciliationis
1254 2922 1290 2953 ct
1328 2917 1608 2964 propitiationis
1635 2917 1703 2954 uti-

938 2976 1010 3014 que
1030 2965 1198 3012 sanguis,
1227 2965 1307 3011 jam
1327 2965 1398 3002 erit
1425 2965 1579 3013 sanguis
1604 2965 1707 3002 voci·
