1858 3184
152 253 296 296 convie
313 256 340 295 8
354 253 397 295 la
414 253 655 307 1888113818
673 252 752 294 8181
777 264 878 294 avec
907 252 970 294 les
1001 254 1172 306 Augen
1205 251 1246 292 18
1276 251 1524 293 firmament
1557 264 1660 294 avec
1684 251 1726 294 le

153 318 283 370 881811,
305 319 347 360 18
365 319 466 360 1888
484 317 604 360 81188
622 317 792 367 8181188;
815 317 909 358 l'air
927 318 1090 359 avec-la
1107 316 1248 370 neige‚
1281 316 1324 357 18
1357 318 1486 369 31818,
1509 317 1569 358 188
1599 320 1724 360 vente

153 387 195 426 81
222 385 283 426 188
313 384 510 434 oiseeu13
543 383 602 424 les
635 387 889 435 1888183888
921 386 964 424 81
997 383 1057 424 188
1091 382 1267 423 80111888
1296 393 1397 422 avec
1429 382 1489 422 les
1521 383 1664 424 arbres
1682 385 1727 424 et

151 453 290 492 188188
308 450 369 491 188
385 451 548 503 plantes
566 460 667 488 avec
687 449 746 488 les
765 447 984 496 8811118811,
1005 448 1066 488 188
1091 451 1296 501 88198818,
1330 446 1391 487 188
1422 447 1631 499 dragous,
1665 447 1727 491 les

152 515 310 557 abimes
329 527 428 556 avec
445 514 504 555 les
522 526 645 564 caux,
677 513 773 554 finit
804 526 881 566 par
909 513 1135 554 s'adresser
1158 525 1245 553 aux
1275 513 1386 553 81188
1415 512 1725 563 181808888188,

152 580 204 622 88
225 583 339 621 10818
359 579 587 626 condition,
609 579 660 619 88
679 582 774 619 1881
805 580 887 631 Age
906 582 948 618 81
968 579 1019 619 88
1039 581 1133 619 1881
1153 590 1266 628 sexe,
1288 578 1348 617 les
1380 577 1514 617 invite
1547 579 1573 617 8
1604 578 1728 618 louet

151 645 258 687 Dieu
276 644 550 686 81118888181
569 656 622 684 88
643 644 783 684 disant
806 657 815 684 ε
843 658 862 682 «
885 644 973 691 Que
999 643 1058 683 les
1091 643 1175 682 rois
1207 642 1258 682 de
1289 642 1331 682 18
1362 644 1474 682 terre
1494 645 1536 682 et
1554 646 1649 682 1888
1668 641 1728 682 188

151 710 336 764 9889188,
370 721 451 762 que
482 709 542 749 les
571 709 737 762 princes
768 713 810 749 81
843 711 938 748 1088
968 708 1027 748 188
1054 708 1183 760 juges
1215 707 1267 748 de
1305 707 1346 747 18
1378 712 1511 755 18118;
1553 719 1635 759 que
1668 706 1728 747 188

147 774 296 828 ,188888
332 775 524 814 hommes
555 780 596 814 et
627 774 686 814 les
711 773 863 825 jeunes
895 773 1016 822 filles,
1051 773 1110 812 les
1143 771 1357 812 vieillards
1387 775 1430 812 81
1461 771 1522 812 188
1559 772 1728 812 8818818

150 838 296 880 1888111
314 839 351 878 18
371 850 470 879 nom
492 839 547 879 du
569 839 792 891 seigneur,
823 850 947 891 parce
982 837 1083 891 qu’il
1104 837 1175 890 n'y
1195 850 1221 877 8
1242 848 1323 890 que
1343 836 1404 876 lui
1422 836 1525 876 dont
1556 836 1595 876 le
1628 847 1729 878 nom

152 904 233 944 8011
265 904 411 956 grand.
448 903 532 957 (Ps.
568 915 719 954 evan,
743 906 792 943 12
813 908 854 944 et
876 903 960 956 13.)
982 918 1000 940 »
1026 903 1057 944 ll
1079 915 1103 943 a
1123 904 1189 942 818
1210 902 1350 942 exalte
1376 901 1730 942 admirablement

151 969 256 1010 dans
284 969 322 1009 18
351 969 428 1009 8181
447 982 523 1022 981
543 970 649 1009 Dieu
668 972 708 1009 et
729 982 805 1021 981·
825 969 882 1008 188
903 971 1061 1020 Α8388,
1083 968 1113 1007 11
1133 971 1194 1007 881
1213 966 1351 1007 exalte
1372 967 1483 1007 aussi
1512 979 1584 1007 sur
1616 970 1729 1008 terre

149 1034 304 1087 981188
324 1034 515 1074 hommes
534 1035 584 1075 de
604 1037 696 1074 tout
727 1037 827 1074 8181.
863 1034 917 1074 118
935 1034 1142 1074 l'adorent
1173 1037 1267 1072 tous
1298 1035 1339 1072 et
1371 1032 1421 1072 ils
1448 1032 1606 1085 jettent
1636 1033 1731 1073 tout

151 1111 248 1140 8888
266 1112 331 1139 888
349 1099 481 1152 91888,
505 1100 565 1140 188
592 1100 778 1140 Pontifes
809 1100 922 1139 leurs
954 1099 1080 1139 118188
1112 1102 1154 1139 ct
1186 1099 1298 1138 leurs
1330 1110 1500 1145 crosses,
1537 1098 1598 1137 les
1630 1097 1729 1137 Rois

150 1163 264 1204 leurs
283 1168 476 1217 sceptres,
498 1164 557 1204 188
576 1165 745 1205 Princes
764 1165 876 1204 leurs
895 1164 1125 1212 8188811188,
1155 1164 1213 1204 188
1246 1163 1391 1202 nobles
1423 1163 1514 1202 leur
1545 1173 1729 1215 pourpre

153 1232 195 1270 81
213 1229 326 1270 18818
344 1229 528 1270 11188088.
550 1232 628 1270 Les
648 1230 815 1270 choeurs
835 1230 907 1269 des
928 1230 1089 1282 9181188
1109 1232 1150 1269 81
1171 1229 1243 1268 888
1262 1228 1428 1279 vierges
1447 1228 1651 1267 chantem
1665 1238 1730 1268 888

151 1293 371 1346 18888388,
393 1295 503 1334 81881
524 1307 604 1347 que
626 1296 684 1335 les
704 1295 871 1334 choeurs
902 1295 973 1334 des
1006 1294 1167 1334 moines
1199 1296 1241 1332 81
1272 1293 1344 1333 888
1375 1292 1634 1344 18113188888,
1658 1292 1730 1333 des

153 1360 363 1413 religieux
394 1360 445 1399 de
476 1364 568 1400 1881
589 1361 670 1413 age
690 1363 731 1400 81
751 1361 802 1399 88
823 1362 915 1399 1881
934 1371 1044 1407 sexe,
1080 1359 1320 1399 118811188881
1346 1358 1640 1398 humblement
1671 1358 1731 1399 188

156 1437 324 1477 genoux
343 1425 498 1465 devant
516 1425 576 1465 lui
597 1426 700 1465 daus
720 1426 831 1465 18818
851 1424 990 1464 offices
1011 1424 1251 1478 quotidiens
1278 1436 1332 1463 au
1365 1434 1466 1463 nom
1486 1422 1542 1462 du
1563 1422 1657 1471 ciel,
1678 1421 1731 1463 (18

155 1489 196 1530 18
215 1493 326 1530 terre
345 1493 388 1529 81
406 1490 478 1530 888
499 1491 653 1530 enfers.

209 1555 354 1596 Sainte
375 1556 594 1606 Gertrude,
615 1556 759 1607 vierge
780 1555 1050 1607 tres-pieuse,
1072 1553 1255 1593 assistait
1274 1565 1332 1592 un
1354 1552 1560 1592 1118181881
1580 1551 1692 1592 88181
1706 1554 1731 1592 a

153 1620 195 1660 18
213 1631 346 1660 messe
365 1619 662 1660 88811Ἰ811811
683 1632 926 1660 commence
958 1632 1034 1671 par
1066 1631 1132 1659 888
1162 1620 1272 1658 mots
1296 1630 1305 1657 z
1331 1634 1348 1654 ι(
1376 1617 1512 1665 Qu'au
1545 1629 1646 1658 nom
1677 1617 1729 1658 de

154 1686 274 1726 Jesus
303 1687 397 1724 1081
430 1696 568 1737 38808
595 1685 799 1724 1188111888.
824 1700 843 1720 »
868 1684 956 1724 Elle
990 1696 1032 1722 88
1065 1684 1143 1723 mit
1176 1684 1201 1722 a
1233 1682 1437 1723 flechirle
1460 1695 1600 1734 genou
1632 1693 1733 1722 avec

155 1762 238 1791 une
257 1750 509 1790 affectueuse
528 1750 726 1789 devotion
762 1751 813 1790 de
845 1762 959 1788 88881·
995 1761 1048 1788 88
1083 1748 1303 1788 1’11888881
1335 1748 1387 1787 88
1419 1759 1465 1787 88
1497 1759 1596 1786 8818
1625 1748 1730 1788 1188-

156 1815 299 1867 813118,
329 1815 413 1854 afin
433 1815 485 1854 88
505 1815 701 1867 88991881
722 1816 746 1853 a
766 1817 904 1853 tontes
924 1814 983 1852 les
1002 1813 1275 1865 negligent-es
1306 1811 1526 1851 commises
1558 1812 1662 1851 dans
1692 1811 1732 1854 18

157 1882 319 1932 1889881
338 1879 395 1918 du
414 1891 468 1918 au
487 1880 600 1918 88118
621 1879 753 1918 divin.
775 1879 916 1930 Ayant
937 1878 1119 1929 compris
1139 1889 1220 1929 que
1241 1877 1278 1915 18
1300 1877 1510 1927 Seigneur
1530 1876 1734 1929 acceptait

575 165 698 206 *mn
725 174 779 205 nu
806 165 1040 206 sAntr'non
1067 173 1122 204 88
1147 164 1279 204 Jews.

185 2036 356 2079 ostquam
376 2032 422 2068 ad
439 2031 589 2068 laudem
610 2032 819 2067 invocasset
838 2040 917 2067 coe-

174 2090 239 2117 um
289 2089 377 2116 cum
423 2079 598 2125 Angelis,
640 2078 921 2114 firmamentum

157 2137 245 2165 cum
283 2127 376 2171 sole,
411 2127 501 2163 luna
538 2132 574 2163 et
612 2126 751 2170 stellis;
783 2126 921 2162 deinde

156 2185 283 2212 aerem
313 2185 400 2211 cum
434 2174 533 2218 nive,
554 2174 751 2220 grandine,
784 2173 919 2213 ventis,

157 2227 194 2260 81
231 2222 468 2266 volucribus3
505 2221 734 2268 ulteriusque
775 2225 923 2257 montes

158 2274 194 2308 et
211 2269 329 2307 colles
349 2280 437 2306 cum
457 2268 671 2312 arboribus,
686 2274 720 2305 et
735 2268 922 2304 universis

157 2317 405 2365 germinibus,
438 2327 526 2353 cum
563 2316 807 2360 animalibus,
841 2326 922 2351 scr-

158 2364 335 2413 pentibus
353 2394 362 2409 ,
401 2364 654 2408 draconibus,
694 2363 922 2409 abyssosque

159 2421 248 2466 88111
278 2412 400 2459 aquis,
445 2412 598 2448 tandem
635 2411 681 2447 ad
721 2411 922 2464 rationales

159 2469 308 2495 ammas
349 2470 479 2497 vocem
517 2464 757 2502 convertcns,
796 2468 922 2494 omnis

161 2506 403 2552 conditionis,
423 2507 556 2551 aetatis,
578 2511 613 2543 et
633 2517 744 2542 sexus
764 2506 810 2541 ad
840 2506 922 2541 lau-

161 2552 248 2589 dem
279 2553 426 2598 invitat,
446 2559 482 2590 et
513 2554 709 2591 concludit
734 2564 741 2590 :
768 2568 781 2585 α
807 2553 923 2599 Reges

161 2603 284 2645 terrm,
306 2604 341 2636 et
361 2611 491 2638 omnes
510 2602 655 2648 populi,
676 2600 868 2647 principes
888 2605 922 2636 et

160 2657 294 2685 omnes
323 2647 468 2694 judices
488 2653 608 2694 terrae,
619 2650 776 2695 juvenes
798 2652 832 2684 et
852 2647 922 2683 vir-

161 2695 280 2742 gines,
303 2705 412 2732 senes
430 2705 516 2732 cum
532 2696 748 2742 ,iunioribus
788 2696 922 2731 188881

160 2752 303 2779 808188
330 2742 495 2787 Domini,
515 2744 603 2790 quia
633 2745 838 2781 exaltatum
869 2747 923 2779 est

160 2798 303 2826 nomen
334 2790 415 2835 ejus
436 2790 563 2826 solius.
587 2805 602 2825 ι
626 2792 839 2828 Exaltatum
868 2795 923 2826 est

161 2835 432 2882 admirabiliter
464 2836 505 2873 in
531 2838 650 2884 omlis,
670 2851 692 2876 a
714 2840 788 2875 Deo
821 2842 855 2874 ct
876 2837 923 2873 ab

161 2883 336 2931 Angelis3
356 2884 539 2921 exaltatur
559 2890 595 2922 et
614 2887 655 2923 in
675 2891 772 2923 terra
791 2885 838 2922 ab
861 2885 924 2921 ho-

162 2930 331 2967 minibus
367 2932 637 2979 cujuscumque
685 2938 821 2970 status.
864 2933 923 2968 Illi

161 2977 363 3016 Pontifices
382 2989 469 3016 suas
488 2979 601 3016 tiaras
625 2984 662 3017 81
689 2981 847 3026 infulas,
867 2979 924 3015 illi

962 2030 1077 2075 Reges
1098 2038 1165 2064 sua
1180 2031 1341 2074 sceptra,
1365 2027 1421 2063 illi
1443 2027 1638 2074 Principes
1663 2037 1732 2065 888

960 2076 1185 2120 diademata,
1203 2075 1257 2111 illi
1279 2075 1426 2111 nobiles
1456 2085 1563 2111 suam
1584 2085 1655 2122 pur
1683 2085 1730 2112 u-

963 2134 1042 2160 ram
1071 2128 1106 2159 et
1142 2128 1355 2165 stemmata,
1384 2122 1586 2158 adorantes
1619 2132 1661 2158 su
1691 2132 1731 2158 s-

962 2175 1114 2207 ternunt
1131 2200 1140 2213 ,
1191 2170 1295 2206 illius
1340 2170 1469 2206 laudes
1525 2169 1731 2207 decantant

961 2219 1066 2255 chori
1088 2218 1325 2254 sacerdotum
1355 2221 1390 2252 et
1417 2216 1621 2263 virginum,
1644 2227 1730 2254 mo-

961 2266 1171 2302 nachorum
1191 2270 1226 2301 et
1247 2263 1483 2307 monialium,
1507 2269 1542 2299 81
1577 2264 1732 2311 religio-

961 2324 1088 2350 sorum
1127 2313 1253 2349 omnis
1291 2312 1410 2348 aetalis
1450 2316 1485 2347 et
1523 2321 1650 2356 sexus,
1684 2322 1732 2349 ex

963 2366 1065 2407 parte
1085 2361 1312 2403 coelestium,
1336 2359 1582 2402 terrestrium,
1604 2363 1640 2396 et
1666 2359 1730 2396 in-

963 2411 1171 2452 fernorum,
1194 2408 1249 2443 illi
1273 2407 1491 2443 humillime
1523 2417 1622 2451 genu
1638 2409 1729 2444 nec-

963 2461 1084 2493 tentes
1104 2456 1144 2492 in
1160 2454 1297 2491 officiis
1318 2454 1564 2499 quotidianis.

1009 2505 1145 2540 Sancta
1170 2502 1363 2538 Gertrudis
1396 2502 1499 2547 virgo
1532 2500 1731 2547 pientissi-

962 2562 1035 2596 ma,
1059 2561 1147 2588 cum
1169 2550 1260 2587 seria
1281 2554 1412 2596 quarta
1432 2553 1516 2594 post
1551 2548 1729 2584 Domini-

962 2610 1046 2635 cam
1067 2598 1281 2634 Palmarum
1314 2596 1558 2633 inchoaretur
1588 2595 1729 2633 Missa:

966 2661 979 2678 u
1003 2647 1049 2683 In
1069 2646 1226 2682 nomine
1245 2646 1332 2680 Jesu
1353 2654 1466 2680 omne
1486 2653 1586 2689 genu
1606 2646 1732 2679 flecta-

963 2699 1034 2738 tur,
1061 2708 1074 2725 »
1099 2694 1179 2739 ipsa
1197 2703 1241 2728 ex
1268 2692 1404 2727 intimo
1437 2690 1574 2727 affectu
1604 2690 1730 2727 cordis

962 2742 1003 2777 in
1024 2741 1206 2777 honorem
1228 2738 1397 2775 nominis
1418 2738 1535 2785 ipsius
1556 2737 1732 2783 dignissi-

962 2788 1015 2824 mi
1034 2798 1158 2834 genua
1179 2786 1363 2831 nectebat,
1380 2786 1427 2822 ad
1448 2785 1731 2832 suppletionem

962 2836 1136 2872 omnium
1150 2835 1189 2870 in
1210 2834 1347 2879 quibus
1368 2834 1450 2880 ipsa
1469 2843 1639 2879 unquam
1659 2842 1732 2870 ne-

962 2884 1129 2929 glexerat
1150 2882 1355 2918 Dominum
1374 2880 1501 2917 debita
1522 2879 1732 2918 reverentia

965 2931 1161 2967 honorare.
1184 2929 1291 2972 Quod
1325 2938 1414 2964 cum
1446 2927 1626 2964 sensisset
1654 2927 1732 2964 Do-

964 2978 1113 3014 minum
1135 2976 1298 3023 benigne
1310 2979 1520 3022 acceptare,
1543 2975 1649 3012 flexit
1667 2984 1733 3012 se-
