1858 3184
754 175 787 211 ὀ
813 176 1042 208 uelem.
1633 171 1685 211 55

123 255 257 298 d’etre
275 256 478 298 delivrees
495 256 548 297 de
565 259 672 297 cette
701 254 911 296 servitude
937 255 988 296 de
1019 256 1278 309 corruption,
1300 256 1352 297 de
1380 259 1487 297 cette
1507 258 1690 310 sujetion

125 322 199 375 qui
218 322 278 363 les
295 324 457 363 soumet
475 320 637 374 malgre
663 320 762 362 elles
780 323 804 360 ὲ
822 320 863 361 la
883 321 1047 371 vanite;
1078 332 1160 374 que
1192 333 1244 362 ne
1274 321 1552 363 devons-nous
1582 322 1692 364 donc

123 399 200 440 pas
211 387 331 437 faire,
353 386 542 428 combien
563 399 670 426 nous
684 386 822 426 faut-il
840 386 992 438 gemir,
1005 397 1112 438 pour
1126 397 1209 438 que
1229 398 1334 426 nous
1353 399 1505 439 soyons
1516 386 1695 428 delivres

125 452 176 493 de
195 452 439 504 l'esclavage
453 451 557 492 dela
571 451 728 500 venite,
749 451 905 504 auquel
917 463 1030 504 ,nous
1050 463 1231 507 sommes
1251 451 1405 491 soumis
1423 455 1466 492 et
1484 464 1592 504 pour
1611 464 1693 505 que

125 529 233 558 nous
250 516 520 570 participions
542 518 567 556 ἐι
588 520 696 556 cette
722 516 873 556 liberte
893 515 1087 568 parinite,
1109 518 1135 555 (1
1154 519 1261 556 cette
1284 516 1417 567 gloire
1437 515 1508 556 des
1526 516 1694 557 enfants

125 582 177 623 de
197 581 435 631 Dieu,alors
454 593 551 634 que,
565 581 605 621 le
626 586 736 622 mort
755 584 798 621 et
817 581 854 621 le
874 581 1004 632 peche
1025 584 1141 621 etant
1160 581 1352 630 detruits‚
1377 581 1481 622 Dieu
1497 580 1589 622 sera
1602 584 1697 622 tout

124 658 179 688 en
202 646 316 687 tous!
345 648 479 688 Venez
501 647 608 687 done
634 647 730 695 vite,
753 647 778 686 ὁ
793 646 1003 698 Seigneur
1021 647 1155 694 Jews,
1179 648 1204 701 o
1225 647 1402 698 Sagesse
1422 646 1638 695 etei-nelle,
1668 646 1693 686 ὁ

126 711 233 752 Chef
241 711 425 761 d’lsrael,
447 713 472 752 ὁ
487 716 606 752 notre
621 711 711 761 stoi,
728 713 753 751 ὁ
775 711 1008 764 Splendeur
1023 711 1074 752 de
1088 711 1129 751 le
1142 711 1318 751 lumiere
1338 711 1556 760 eternelle,
1572 716 1615 753 et
1634 723 1698 751 so-

125 775 197 817 leil
216 777 266 817 de
288 777 436 829 gloire.
459 778 721 818 Faites-nous
739 776 1136 830 participensvotre
1154 778 1302 829 regne,
1324 777 1350 816 ὁ,
1374 779 1486 816 votre
1501 776 1695 816 lumiere.

132 856 154 882 α
182 841 374 895 L'Epoux
393 847 435 883 et
453 836 645 895 l'Epouse
663 843 801 883 disent
823 855 832 881 ε
856 843 1008 883 Venez.
1028 855 1051 880 n
1071 843 1184 882 Nous
1203 841 1438 882 entendons
1452 844 1495 881 et
1508 853 1614 881 nous
1627 840 1691 881 di-

126 919 223 948 sons
245 921 254 947 :
279 924 297 944 ιι
315 909 470 950 Venez.
488 924 506 945 ι)
528 911 568 948 et
590 920 690 948 vous
711 908 816 947 dites
837 921 846 947 ε
875 922 895 946 (ι
913 907 1089 948 J'arrive
1109 907 1317 947 hiemet.»
1335 908 1389 947 Et
1402 918 1509 947 nous
1523 906 1664 947 disons
1681 919 1690 945 :

131 981 152 1012 α
173 974 322 1014 Amen.
346 974 499 1023 Venez,
521 973 728 1025 Seigneur
747 972 889 1014 Jesus!
914 971 1051 1026 (Apoc.
1075 983 1176 1021 xxu,
1199 972 1284 1024 22.)
1304 986 1324 1009 n

419 1137 860 1176 ANTIENNE
897 1139 937 1176 θ
976 1138 1408 1175 §Apu-:turum

770 1234 839 1275 vt·
863 1233 1050 1282 LECON.

511 1333 575 1374 Du
591 1334 766 1388 premier
784 1332 906 1373 cham
924 1331 971 1372 de
992 1332 1030 1373 la
1055 1331 1315 1372 Tourteretle.

184 1433 387 1486 L’Egfise,
409 1445 572 1474 comme
592 1446 697 1474 nous
717 1434 877 1474 l’avons
902 1434 980 1482 dit,
1001 1435 1114 1473 emet
1145 1436 1236 1485 sept
1267 1431 1432 1484 paroles
1457 1444 1512 1471 ou
1533 1432 1697 1480 chunis,

129 1509 236 1552 pour
254 1499 465 1552 exprimet
484 1499 610 1539 d'une
629 1499 817 1539 maniere
842 1498 1056 1550 generale,
1079 1502 1120 1538 et
1140 1497 1419 1549 comprendre
1439 1500 1534 1536 tous
1554 1496 1613 1536 les
1632 1496 1701 1536 de-

129 1563 206 1604 sirs
225 1564 297 1604 des
312 1564 459 1615 justes,
474 1568 567 1604 tant
587 1564 637 1604 de
659 1564 847 1604 l’Ancien
863 1575 945 1616 que
960 1563 1015 1603 du
1037 1564 1237 1603 Nouveau
1255 1564 1513 1611 Testament‚
1529 1561 1700 1601 s’edres-

128 1630 224 1668 sent
241 1641 295 1668 au
316 1629 453 1670 Christ
473 1630 677 1677 Sauveur,
701 1628 889 1682 principe
910 1632 956 1669 et
974 1629 1032 1668 fin
1052 1627 1104 1669 de
1122 1631 1218 1669 tous
1240 1627 1298 1668 les
1319 1627 1466 1667 desirs.
1487 1628 1544 1667 Le
1576 1637 1698 1666 nom-

128 1692 204 1735 bre
235 1697 327 1747 sept
357 1694 533 1746 designe
575 1694 907 1734 ordinairement
942 1693 1262 1734 l’universelite.
1300 1692 1408 1733 C’est
1438 1704 1494 1731 un
1512 1691 1703 1732 nombre

129 1759 340 1812 mystique
360 1759 463 1799 dans
483 1760 540 1800 les
561 1760 717 1800 saintes
737 1761 896 1808 lettres,
917 1759 1144 1799 anciennes
1163 1762 1205 1798 et
1226 1757 1456 1797 nouvelles.
1474 1759 1536 1798 On
1552 1756 1591 1797 le
1612 1756 1700 1796 voit

130 1823 235 1864 dans
257 1825 442 1865 l’Ancien
474 1827 719 1866 Testament
738 1837 813 1877 par
832 1825 891 1866 les
910 1829 1001 1878 sept
1020 1825 1218 1864 colonnes
1239 1835 1321 1876 que
1342 1834 1538 1862 renverse
1563 1822 1605 1862 la
1625 1823 1702 1862 Sa-

133 1901 264 1942 gesse,
299 1902 376 1942 par
406 1889 466 1930 les
496 1893 587 1943 sept
617 1891 772 1930 lotions
802 1891 853 1931 de
887 1892 1074 1931 Naaman
1109 1889 1213 1930 dans
1232 1888 1270 1928 le
1290 1887 1512 1938 Jourdain,
1536 1899 1612 1940 par
1643 1887 1704 1927 les

130 2025 276 2072 peccati
297 2025 514 2068 liberemur,
535 2029 570 2061 et
588 2037 608 2061 a
629 2026 803 2062 vanitatis
823 2036 894 2062 ser-

130 2073 261 2116 vitute,
294 2074 355 2109 cui
399 2072 555 2110 obnexii
598 2083 745 2118 sumus,
778 2078 813 2109 et
856 2078 897 2110 ut

130 2124 325 2157 consortes
345 2120 462 2157 simus
494 2120 675 2157 libertatis
708 2122 893 2168 perfectae,

130 2177 176 2204 ac
195 2168 324 2214 gloriae
345 2168 510 2205 tiliorum
538 2169 616 2212 Dei,
638 2169 789 2216 quando
808 2169 895 2205 des-

130 2218 252 2252 tructa
283 2220 402 2253 morte
434 2220 469 2252 et
499 2221 666 2262 peceato,
701 2217 770 2253 erit
801 2218 898 2253 Deus

936 2031 973 2062 ut
994 2035 1105 2071 supra
1125 2025 1306 2069 diximus,
1328 2023 1464 2070 quibus
1496 2022 1701 2060 universim

935 2074 1135 2110 insinuet:
1165 2077 1200 2110 et
1238 2071 1535 2118 comprehendat
1573 2069 1702 2106 omnia

935 2121 1119 2157 desideria
1163 2121 1370 2167 justorum,
1426 2123 1501 2154 tam
1555 2116 1701 2163 antiqui

936 2179 1047 2215 quam
1077 2168 1164 2204 novi
1198 2166 1426 2210 testamenti,
1447 2165 1639 2202 tendentia
1660 2164 1701 2200 in

937 2217 1124 2253 Christum
1150 2215 1394 2257 Salvatorem,
1415 2213 1646 2260 principium
1667 2215 1704 2248 et

131 2263 261 2300 omnia
294 2265 333 2300 in
360 2262 569 2300 omnibus?
588 2264 679 2300 Veni
701 2275 789 2310 ergo
822 2265 898 2301 cito

132 2311 294 2348 Domine
324 2312 428 2355 lesu,
449 2312 631 2357 sapientia
652 2312 897 2354 aetcrna‚Dux

131 2358 264 2402 Israel,
297 2359 374 2396 Rex
415 2363 556 2403 noster,
588 2359 772 2406 Splendor
803 2359 898 2396 lucis

132 2409 298 2453 aeternae,
320 2411 356 2448 et
376 2406 431 2443 sol
452 2407 604 2453 gloriae;
632 2417 776 2453 nosque
796 2412 900 2444 aeter-

132 2453 262 2490 nitatis
293 2458 379 2498 tuae,
412 2455 534 2501 regni,
566 2465 610 2491 ac
654 2454 811 2491 luminis
842 2455 899 2492 fac

133 2506 341 2538 consortes.
368 2514 382 2533 α
405 2502 563 2548 Spiritus
595 2507 630 2539 et
662 2503 806 2548 Sponsa
839 2503 898 2538 di-

133 2553 226 2586 eunt
251 2561 259 2585 :
283 2550 389 2586 Veni.
412 2550 456 2586 Et
477 2560 547 2586 nos
565 2550 756 2593 audimus,
784 2554 819 2586 et
839 2550 899 2587 di-

135 2596 279 2641 cimus3
301 2597 409 2633 Veni.
443 2597 487 2633 Et
519 2601 558 2633 tu
589 2597 686 2634 dicis
711 2608 718 2633 z
740 2612 755 2629 «
778 2598 899 2634 Etiam

134 2644 246 2681 Venio
302 2645 389 2681 cito.
427 2659 441 2676 »
486 2644 531 2680 Et
591 2655 662 2681 nos
696 2644 859 2682 dicimus
890 2656 898 2681 ι

142 2701 158 2721 α
179 2690 310 2728 Amen.
336 2707 349 2724 υ
367 2691 476 2737 Veni,
499 2692 658 2729 Domine
677 2693 776 2729 Jesu.

201 2795 463 2827 Am'rmmvn
492 2796 526 2827 θ
553 2796 744 2828 snt-mm
749 2796 838 2827 'ru

393 2855 562 2892 LECTIO
585 2855 644 2891 Vl.

263 2912 321 2946 De
333 2911 474 2958 pn’ma
490 2922 582 2948 voce
600 2912 782 2948 turturis.

188 2975 335 3022 Septem
369 2986 477 3015 voees
506 2978 674 3015 Ecclesia
712 2977 903 3024 exprimit,

938 2265 1054 2300 linem
1073 2264 1246 2300 omnium
1275 2262 1561 2299 desideriorum.
1586 2259 1702 2296 Nem-

939 2323 983 2359 pe
1004 2312 1215 2358 septenario
1231 2321 1390 2347 numero
1411 2310 1487 2346 sere
1508 2307 1600 2344 solet
1622 2306 1705 2344 uni-

938 2360 1093 2396 versitas
1123 2359 1322 2404 designari.
1362 2362 1491 2402 estque
1525 2354 1707 2408 mysticus

938 2407 1095 2444 omnino
1116 2408 1231 2443 sacris
1253 2406 1292 2442 in
1315 2405 1460 2450 litteris,
1495 2408 1571 2438 tam
1601 2406 1704 2455 anit-

939 2456 1023 2502 quis
1043 2465 1155 2501 quam
1176 2454 1296 2490 novis.
1314 2453 1452 2490 Notum
1473 2455 1529 2486 est
1549 2450 1589 2486 in
1609 2454 1706 2486 anti·

939 2514 1011 2550 qua
1043 2502 1227 2548 scriptura
1261 2501 1306 2536 de
1341 2505 1483 2546 septem
1516 2497 1707 2534 columnis

938 2561 1030 2596 quas
1062 2550 1202 2586 excidit
1228 2548 1416 2594 Sapientia
1449 2556 1458 2582 :
1486 2545 1532 2581 de
1563 2549 1707 2591 septem

941 2597 1145 2635 lotionibus
1158 2597 1323 2634 Naaman
1338 2595 1376 2630 in
1389 2593 1615 2637 Jordane‚de
1627 2603 1710 2639 sep-

941 2651 1013 2681 tem
1029 2643 1310 2691 aspersionibus
1327 2641 1463 2688 leprosi
1479 2650 1488 2677 :
1506 2640 1552 2676 de
1562 2644 1708 2686 septem

940 2692 1040 2729 tubis
1058 2691 1208 2728 lubilaei
1244 2701 1252 2726 z
1288 2690 1334 2725 de
1366 2693 1509 2736 septem
1536 2687 1710 2724 crinibus

940 2740 1159 2786 Sampsonis
1182 2749 1189 2774 :
1211 2738 1257 2773 de
1277 2741 1420 2783 septem
1447 2736 1568 2773 oculis
1588 2736 1629 2771 in
1650 2734 1707 2770 la-

941 2788 1027 2834 pide
1046 2798 1122 2823 uno
1145 2797 1152 2822 :
1176 2786 1222 2821 de
1241 2788 1384 2831 septem
1403 2785 1517 2830 spicis
1538 2783 1703 2819 Pharao-

942 2836 1015 2880 nis,
1061 2839 1096 2870 et
1139 2832 1328 2869 similibus
1370 2831 1514 2868 multis.
1562 2830 1703 2867 Notum

942 2883 1054 2919 etiam
1097 2881 1137 2916 in
1180 2880 1370 2926 Scriptura
1412 2890 1532 2922 nova,
1580 2877 1628 2913 de
1677 2876 1701 2912 7

942 2930 1076 2971 stellis,
1097 2928 1143 2963 de
1172 2928 1194 2963 7
1227 2927 1360 2974 sigillis
1380 2927 1467 2963 libri
1487 2924 1590 2971 agni,
1611 2924 1658 2960 de
1678 2924 1703 2960 7

943 2976 1063 3013 stellis
1095 2979 1130 3011 et
1164 2974 1346 3020 lucernis,
1376 2975 1422 3011 de
1458 2974 1481 3010 7
1524 2971 1706 3009 cornibus
