1858 3184
562 159 726 192 nom
753 157 967 189 amaneus
997 157 1049 186 ne
1076 145 1268 186 L'Avnm.
1627 144 1708 188 2oe

136 252 238 295 sege
257 241 309 283 de
325 241 431 282 Jean
449 242 512 281 est
529 250 660 290 conca
685 250 739 278 en
770 249 837 278 ces
870 240 1025 277 termes
1046 246 1056 275 2
1078 250 1098 273 «ι
1117 235 1252 275 Est-ce
1271 245 1374 274 vous
1394 232 1467 285 qui
1486 233 1613 273 devez
1632 244 1706 275 ve-

136 306 271 347 nii-‘in
293 307 403 348 C'est
431 315 593 346 comme
623 302 687 343 s'il
718 301 843 342 disait
866 312 875 341 :
902 302 1046 342 Est-ce
1075 300 1127 340 de
1159 311 1261 339 vous
1298 311 1380 351 que
1418 298 1459 337 le
1497 297 1708 349 Propheta

137 382 280 412 aseure
299 370 402 425 qu'il
421 384 442 407 κ
463 368 638 410 viendra
667 366 1005 409 certainement?
1019 379 1038 402 υ
1063 367 1203 406 Est-ce
1223 375 1327 405 vous
1358 363 1462 402 dont
1482 365 1618 402 tontes
1650 362 1708 401 les

59 474 64 479 .
135 437 302 478 natione
320 434 537 477 attendent
555 433 726 482 l’envoi,
746 432 906 485 promis
924 433 997 472 des
1016 429 1271 483 l'antiquite,
1288 429 1339 470 de
1358 428 1431 480 qui
1447 427 1578 468 Jacob
1593 438 1710 467 mou·

135 497 275 542 rante
293 500 388 541 dit:
409 514 429 537 α
452 499 674 551 seigneur,
703 497 951 549 j’attendmi
983 499 1102 536 votre
1134 494 1310 535 salust»
1333 495 1468 534 Est-ce
1500 503 1603 532 vous
1634 491 1707 543 qui

136 566 224 607 etes
242 566 429 607 l'attente
449 566 492 605 et
516 578 537 603 α
555 564 594 604 le
614 563 749 604 desire
770 563 842 603 des
861 562 1033 602 collines
1052 559 1308 620 eternelles?
1327 575 1345 596 ιι

189 631 307 680 Mais,
330 640 493 670 comme
511 629 716 669 autrefois
734 640 811 668 son
831 639 932 668 nom
960 627 1075 667 avait
1101 628 1167 666 ete
1192 642 1212 662 «
1233 625 1352 666 Celui
1371 623 1445 676 qui
1464 622 1554 663 doit
1571 621 1705 670 venir,

136 695 244 737 celui
262 695 335 749 qui
362 694 451 735 doit
482 695 571 735 etrc
600 695 780 746 envoye,
797 707 816 731 ι)
841 705 915 733 sou
935 704 1034 733 nom
1065 695 1127 732 est
1149 707 1167 727 ιι
1190 690 1309 731 Celui
1341 689 1415 742 qui
1446 691 1508 730 est
1539 698 1664 726 venu.
1684 701 1704 722 ι

134 760 257 802 Aussi
275 760 336 801 les
354 759 535 808 enfants,
557 760 729 812 pousses
757 771 834 812 par
853 757 1011 810 l'esprit
1030 757 1081 796 de
1101 757 1221 804 Dieu,
1243 753 1551 796 l’acclamaieut
1568 764 1620 792 en
1639 751 1706 791 di-

134 828 229 866 sant
249 837 261 866 :
283 824 419 865 «Beni
439 825 520 865 soit
539 825 643 865 celui
667 825 741 877 qui
759 824 877 864 vient
894 836 949 869 eu
969 834 1069 878 nom
1088 822 1145 862 du
1166 821 1390 873 Seigueur.
1411 836 1429 855 ι
1452 817 1707 860 Semblable-

133 892 251 931 ment
282 890 409 940 aussi,
431 889 606 943 l'epOtre
638 890 700 931 dit
722 901 732 929 :
752 905 772 926 «
793 890 837 930 Si
868 888 1097 942 quelqu'un
1131 886 1285 927 n'aimc
1317 898 1391 939 pas
1423 885 1463 927 le
1495 884 1707 935 Seigneur

130 955 265 1004 lesus,
288 954 391 1009 qu’il
409 955 491 996 soit
508 955 749 996 anatheme.
771 953 1032 995 maranatha.
1055 953 1102 1007 (1.
1128 951 1223 994 Cor.
1243 963 1331 1002 xvx,
1352 951 1473 1004 22.)1›
1493 948 1707 998 Qu'est-ce

132 1021 158 1060 a
176 1020 267 1061 dire
286 1020 564 1062 Maranatlza?
583 1022 638 1062 Ce
653 1024 743 1061 mot
760 1020 929 1072 signifie
952 1033 961 1060 :
981 1034 1000 1058 «
1022 1021 1059 1059 le
1079 1018 1289 1070 Seigneur
1317 1021 1381 1058 est
1410 1028 1537 1056 venu.
1554 1030 1573 1052 n
1597 1013 1708 1055 C’est

132 1083 240 1126 donc
259 1098 422 1126 comme
443 1085 507 1126 s'il
527 1086 652 1126 disait
674 1098 683 1125 z
706 1086 740 1126 si
768 1086 971 1126 autrefois
991 1085 1020 1125 il
1038 1085 1141 1124 etait
1170 1086 1263 1123 tant
1292 1083 1417 1131 aime,
1442 1084 1534 1121 tant
1551 1080 1703 1127 desire,

132 1162 296 1191 comme
317 1153 342 1191 a
360 1152 496 1202 venir,
517 1163 594 1204 par
613 1163 690 1191 nos
708 1153 843 1203 peres,
866 1151 970 1203 qu'il
990 1150 1070 1191 soit
1089 1148 1252 1189 maudit
1270 1148 1378 1188 celui
1397 1147 1471 1199 qui
1492 1158 1544 1186 ne
1565 1144 1707 1185 l’aime

132 1217 353 1269 pas‚apres
372 1216 474 1270 qu'il
494 1220 556 1257 est
569 1228 680 1257 venu
700 1219 743 1257 et
755 1216 858 1269 qu’il
878 1228 985 1255 nous
1003 1227 1029 1254 a
1047 1215 1262 1266 temoigue
1278 1226 1334 1254 un
1349 1213 1384 1252 si
1406 1211 1538 1264 grand
1556 1221 1707 1250 amour

134 1290 188 1321 en
206 1284 364 1321 venant
383 1284 425 1321 et
445 1294 495 1321 en
514 1294 557 1322 se
576 1282 770 1322 donnant
788 1284 814 1321 ἐι
832 1293 952 1321 nous.

188 1345 404 1387 Chantons
423 1346 532 1386 donc
562 1359 619 1387 un
651 1347 848 1399 cautique
875 1357 1068 1386 nouveau
1089 1350 1131 1385 et
1150 1356 1293 1392 suave,
1327 1342 1582 1383 tressaillons
1601 1340 1705 1381 d'al-

135 1410 320 1463 legre'sse
340 1423 393 1452 en
414 1412 452 1452 le
471 1411 701 1462 benissent,
725 1424 778 1452 en
810 1412 871 1451 lui
902 1411 1059 1451 offrant
1078 1410 1210 1462 gloire
1241 1414 1283 1450 et
1314 1409 1524 1457 honneur,
1541 1422 1560 1443 α
1583 1417 1708 1459 parce

135 1474 234 1528 qu'il
257 1479 319 1516 est
338 1488 450 1517 venu
468 1479 511 1518 et
529 1489 554 1517 a
571 1477 651 1518 fait
669 1477 888 1517 connaitre
908 1488 983 1516 son
1004 1476 1129 1516 salut.
1152 1490 1171 1513 »
1196 1474 1423 1514 Disons-lui
1447 1484 1456 1512 ε
1479 1472 1705 1523 Seigneur‚

133 1552 239 1581 nous
257 1542 570 1582 reconnaissons
589 1554 671 1595 que
689 1554 794 1582 vous
822 1543 910 1582 etes
937 1540 1263 1580 veritablement
1282 1540 1391 1580 celui
1420 1539 1494 1591 qui
1523 1538 1627 1577 etait
1645 1537 1708 1577 dit

132 1605 336 1647 autrefois
366 1606 522 1647 devant
551 1608 685 1655 venir,
721 1607 876 1648 devant
906 1607 995 1647 etre
1027 1609 1205 1658 envoye,
1239 1605 1390 1655 desire,
1422 1603 1597 1644 attendu
1629 1614 1707 1655 par

133 1674 228 1712 tant
245 1671 297 1712 de
321 1684 449 1713 voeux
479 1675 522 1713 et
553 1685 629 1726 par
660 1673 711 1714 de
743 1673 1017 1712 tres-ardente
1045 1671 1175 1711 desirs
1207 1671 1280 1712 des
1310 1672 1453 1711 saints.
1476 1671 1590 1711 Vous
1619 1670 1709 1710 etes

134 1748 243 1778 venu
265 1737 371 1777 dans
388 1737 431 1778 la
449 1738 669 1791 plenitude
689 1739 746 1778 du
765 1741 917 1790 temps,
933 1749 1035 1776 vous
1051 1749 1156 1777 vous
1169 1738 1255 1777 etes
1269 1736 1403 1776 rendu
1423 1735 1585 1783 visible‚
1602 1745 1708 1774 vous

135 1801 208 1854 qui
227 1801 334 1842 etiez
353 1806 616 1855 auparavant
635 1803 842 1853 invisible,
864 1815 967 1843 vous
987 1803 1073 1842 etes
1095 1805 1146 1842 ne
1166 1801 1294 1842 d'une
1318 1802 1473 1841 femme
1491 1812 1588 1840 sans
1607 1800 1709 1852 pere

133 1878 239 1906 vous
257 1867 330 1920 qui
349 1867 464 1908 eviez
481 1869 548 1908 ete
574 1868 791 1920 engendre
811 1868 910 1908 d'un
940 1869 1040 1920 pere
1068 1880 1166 1908 sans
1198 1868 1328 1914 mere,
1348 1878 1452 1906 vous
1483 1867 1572 1906 etes
1591 1876 1702 1905 venu

136 1931 241 1972 dans
259 1932 298 1973 le
318 1935 453 1986 temps
477 1945 580 1974 vous
600 1933 674 1986 qui
693 1934 797 1974 etiez
816 1937 942 1973 avant
975 1936 1071 1973 tous
1102 1932 1161 1972 les
1193 1935 1330 1985 temps
1355 1932 1461 1971 dans
1481 1930 1704 1977 l’eternite,

162 2110 318 2158 ropheta
331 2110 581 2158 asserit‚quod
589 2112 745 2149 veniens
752 2113 878 2149 veniet
888 2114 902 2148 Ρ

167 2168 242 2196 une
260 2159 452 2208 ilie,cujus
462 2160 683 2197 missionem
691 2159 901 2207 antiquitus

134 2207 361 2290 promissam
381 2217 515 2244 omnes
534 2212 665 2255 gentes
684 2212 900 2255 expectant,

162 2263 184 2291 e
202 2264 276 2301 quo
294 2255 410 2292 Jacob
429 2256 597 2292 moriens
616 2256 711 2292 dixit
745 2267 752 2292 :
793 2268 807 2287 ι
825 2256 900 2292 Ex-

163 2301 294 2339 ectabo
325 2302 501 2347 salutare,
523 2307 645 2348 tuum,
676 2304 861 2340 Domine?
884 2318 896 2335 n

140 2372 142 2374 -
170 2358 245 2386 une
277 2350 341 2387 iile
374 2350 438 2397 qui
475 2356 531 2387 est
568 2352 794 2398 expectatio,
820 2364 834 2382 α
865 2355 902 2387 et

138 2395 367 2435 desiderium
382 2398 538 2436 collium
558 2400 813 2436 aeternorum?
835 2413 849 2430 ι»

186 2444 248 2500 Αἰι
270 2445 366 2482 sicut
397 2446 490 2483 olim
522 2457 666 2484 nomen
697 2447 780 2492 ejus
816 2446 899 2492 fuit,

143 2504 158 2523 α
179 2491 252 2535 Qui
269 2497 449 2530 venturus
469 2498 550 2539 est;
584 2494 655 2538 Qui
693 2494 901 2530 mittendus

139 2542 240 2594 osny
286 2541 341 2578 sic
381 2541 494 2578 modo
531 2541 613 2588 eJus
650 2552 792 2579 nomen
830 2546 900 2586 est,

144 2599 159 2618 ι
180 2585 342 2641 Missum
366 2602 381 2621 a
403 2588 484 2635 eJus
510 2599 652 2626 nomen
684 2593 767 2633 est;
793 2604 806 2622 «ι
830 2589 901 2634 Qui

141 2637 256 2689 venit.
279 2649 300 2689 »-
318 2635 416 2673 uiue
434 2637 556 2683 pueri,
579 2637 644 2674 Dei
665 2637 799 2683 spiritu
824 2637 900 2673 im-

139 2679 255 2734 puisi,
269 2691 307 2736 ⁰¹.
321 2683 581 2737 acclamabant
603 2695 613 2722 ε
639 2699 652 2717 α
678 2684 902 2722 Benedictus

141 2733 326 2782 qul-vemt
351 2740 392 2767 ιιι
418 2732 576 2769 nomine
609 2732 774 2769 Domini.
799 2747 813 2766 ι
839 2732 900 2769 Si-

141 2774 282 2812 mihter
301 2781 336 2812 et
354 2777 552 2831 apostolus
569 2779 622 2816 ait
643 2790 651 2816 :
673 2792 687 2811 α
720 2780 792 2824 Qui
822 2790 901 2817 non

141 2826 243 2858 amat
264 2823 466 2863 Dominum
495 2826 640 2872 lesum,
661 2827 708 2864 sit
738 2827 900 2864 anathe-

140 2879 218 2913 ma,
238 2869 471 2910 Mai-anatha.
494 2885 510 2907 w
532 2874 630 2918 Quid
649 2879 704 2911 est
723 2875 900 2912 Marsua-

142 2916 344 2971 thu-Hoc
380 2922 448 2963 est,
472 2931 488 2953 ι
522 2921 707 2960 Dominus
742 2923 857 2960 venit.
882 2937 897 2955 ι

141 2964 257 3009 Quasi
275 2964 378 3003 dieat
397 2966 462 3004 :Si
479 2966 576 3006 olim
596 2968 646 3007 ab
663 2970 832 3018 antiquis
850 2970 902 3007 ita

939 2111 1146 2153 amabatur.
1170 2112 1222 2147 ita
1253 2109 1536 2147 desiderabatur
1569 2114 1704 2145 ventu-

942 2170 1020 2202 rus,
1050 2159 1275 2195 maledictus
1312 2159 1359 2194 sit
1399 2158 1463 2204 qui
1502 2167 1590 2193 eum
1628 2166 1708 2194 non

939 2211 1039 2243 amat
1078 2211 1276 2253 postquam
1322 2205 1440 2247 venit,
1477 2208 1514 2240 et
1560 2208 1709 2242 tantum

939 2265 1107 2291 amorem
1135 2254 1321 2291 veniendo
1354 2259 1390 2290 et
1422 2263 1461 2289 se
1493 2251 1708 2289 exhibendo

941 2302 1051 2339 nobis
1070 2301 1255 2339 exhibuit.
1274 2303 1478 2338 Cantemus
1493 2301 1606 2346 igitur
1620 2310 1708 2336 can-

941 2351 1058 2387 ticum
1079 2360 1221 2386 novum
1241 2354 1277 2386 et
1299 2349 1528 2395 jucundum,
1557 2347 1707 2384 exuite·

941 2408 1026 2434 mus
1041 2398 1321 2439 benedicentes.
1336 2396 1571 2443 gioriamque
1584 2405 1629 2431 ac
1643 2394 1710 2432 ho·

942 2456 1073 2482 norem
1093 2445 1293 2482 afferentes
1313 2445 1370 2485 εἰς
1396 2459 1410 2477 ι
1435 2443 1531 2487 Quia
1551 2442 1654 2479 venit
1671 2447 1709 2479 et

940 2498 1073 2530 notum
1106 2493 1194 2529 fecit
1224 2493 1386 2529 salutare
1417 2501 1542 2527 suum.
1575 2506 1590 2524 n
1623 2490 1707 2528 Jam

940 2541 1111 2578 dicamus
1131 2541 1188 2577 illi
1211 2551 1220 2577 :
1243 2541 1335 2576 Vere
1355 2538 1615 2583 agnoscimus,
1629 2538 1704 2575 Do-

941 2589 1059 2632 mine,
1076 2589 1175 2635 quod
1197 2594 1235 2624 tu
1256 2588 1308 2624 sis
1329 2587 1394 2623 ille
1414 2586 1479 2632 qui
1498 2585 1592 2622 olim
1611 2596 1707 2622 ven-

940 2641 1046 2673 turus
1074 2635 1282 2678 dicebatur,
1304 2635 1368 2681 qui
1401 2634 1622 2677 mittendus,
1642 2633 1707 2679 qui

939 2685 1187 2726 desideratus,
1219 2688 1255 2718 et
1281 2686 1499 2728 expectatus
1528 2685 1579 2718 tot
1611 2681 1708 2718 votis

940 2737 974 2768 et
1000 2730 1277 2768 ardentissimis
1308 2730 1531 2766 Sanctorum
1555 2728 1707 2765 deside·

940 2780 1019 2816 riis.
1040 2780 1123 2815 Jam
1143 2777 1280 2814 venisti
1300 2777 1342 2813 in
1361 2777 1600 2823 plenitudine
1614 2780 1709 2813 tem-

939 2827 1057 2874 poris,
1074 2824 1236 2862 visibitis
1255 2825 1376 2862 sactus
1396 2824 1461 2871 qui
1473 2829 1586 2861 antea
1603 2823 1706 2861 invi·

940 2874 1083 2917 sibilis;
1099 2874 1219 2909 sactus
1237 2882 1284 2908 ex
1304 2872 1464 2909 muliere
1484 2873 1566 2908 sine
1585 2875 1707 2918 patre,

940 2922 1004 2968 qui
1019 2931 1102 2957 eras
1111 2920 1262 2967 genitus
1282 2930 1329 2956 ex
1342 2923 1447 2966 patre
1466 2919 1550 2956 sine
1562 2923 1705 2964 mat-1¹03

940 2969 1060 3006 factus
1078 2968 1120 3005 in
1147 2972 1332 3015 tempore,
1365 2967 1430 3015 qui
1460 2971 1551 3005 ante
1574 2967 1706 3005 omnia
