1858 3184
516 119 756 168 commin
778 127 994 160 omnm
1021 128 1074 159 ns
1100 117 1291 160 n’nnur.
1607 121 1687 164 8⁹0

116 217 197 264 par
213 209 267 251 de
283 208 519 251 nombreun
537 183 742 261 myrtei-es
756 211 801 248 et
821 207 1099 260 grandement
1115 209 1219 248 tenu
1237 208 1263 246 8
1280 206 1491 248 honneur.
1511 209 1568 250 Ge
1599 208 1687 252 lieu

115 275 223 317 &tait
239 274 347 316 81188
366 283 450 316 anx
462 273 682 315 8181110818
700 272 759 313 dn
778 273 915 314 sseuve
934 273 993 313 du
1010 271 1407 321 Jonrdain,oelehre
1426 267 1688 316 (1888111811-

118 339 383 382 ture-Sainte
400 351 477 393 par
494 349 558 378 888
577 339 796 390 mysteres‚
816 338 915 378 dote
935 337 987 378 de
1007 342 1099 391 sept
1117 337 1346 390 privileges
1364 337 1438 390 qui
1458 338 1688 390 figuraient

118 414 242 453 notre
260 411 468 464 bapteme.

171 476 228 518 Le
246 473 426 530 premier
437 479 499 515 est
517 473 620 527 qu'il
639 475 785 528 separe
803 474 846 514 18
865 478 977 515 terre
996 474 1133 514 sainte
1151 474 1224 514 des
1243 477 1385 514 autres
1403 474 1573 516 nations
1592 475 1684 515 ido-

117 542 259 592 181188,
280 541 352 582 des
367 539 583 589 1808111188,
605 539 677 580 (188
695 539 873 591 Arabos,
905 542 986 580 etc.
1007 538 1116 580 C'est
1145 538 1186 579 le
1215 549 1371 592 propre
1405 538 1462 579 du
1490 538 1686 592 bapteme

117 606 223 660 qu’il
250 608 396 659 separe
425 605 486 646 les
520 604 666 646 fideles
696 605 768 646 des
800 605 1005 654 infideles,
1025 608 1067 645 et
1086 604 1118 644 il
1156 607 1219 644 est
1250 603 1425 645 l’entrec
1445 603 1497 644 de
1516 604 1556 644 la
1574 609 1686 646 terre

117 672 263 722 sainte,
284 671 337 712 de
356 671 528 723 l’Eglise
547 670 763 711 sanctiflee
781 681 860 724 par
877 671 899 711 J
904 669 1171 711 esusChrist.

172 738 227 777 Le
246 736 396 777 second
414 739 478 776 est
496 748 575 788 que
597 736 655 776 188
675 736 842 776 enfants
863 735 1033 776 d'lsrael
1053 739 1128 775 ont
1147 736 1267 788 passe
1286 747 1364 787 par
1392 734 1430 775 le
1461 735 1681 786 som-daia,

117 811 170 843 en
188 803 350 842 soi-tant
369 801 420 842 de
439 798 635 854 I'Egypte
652 811 761 854 pour
780 801 900 841 venir
918 801 1020 840 dans
1038 801 1079 841 18
1096 805 1209 840 terre
1238 801 1438 852 promise.
1461 801 1538 841 Ses
1571 812 1683 842 caux

117 872 162 907 88
178 865 419 917 diviserant,
432 877 496 907 888
515 868 713 906 courants
732 866 1011 917 s'arreterent,
1026 866 1214 918 pendant
1234 878 1316 918 que
1335 865 1490 906 l’arche
1510 877 1554 906 88
1567 877 1686 920 repo-

117 931 247 972 881118
269 931 424 972 durant
444 932 483 971 la
502 934 712 972 traversee
733 931 784 972 de
804 934 898 971 tous
918 932 976 972 les
997 931 1208 971 Hebreux.
1231 932 1295 970 En
1328 931 1526 971 souvenir
1554 931 1605 972 de
1638 941 1685 972 ce

115 995 301 1046 miracle,
320 997 446 1038 Josue
465 995 549 1050 prit
567 996 608 1037 18
624 997 755 1038 douze
777 996 954 1049 grandes
973 996 1130 1050 pierres
1148 1002 1191 1036 et
1212 996 1270 1036 188
1305 1000 1542 1049 transporta
1579 992 1685 1038 dans

115 1059 156 1102 18
174 1071 294 1114 camp
313 1066 354 1102 et
373 1062 429 1102 du
449 1073 571 1115 camp
589 1061 619 1102 il
637 1074 691 1102 en
712 1064 952 1114 transporta
981 1061 1114 1101 douze
1134 1066 1275 1101 autres
1308 1074 1415 1114 pour
1450 1061 1684 1114 remplaeer

115 1126 176 1167 les
194 1127 434 1179 premieres.
452 1128 564 1167 Tous
582 1126 643 1167 les
660 1127 852 1169 hommes
871 1126 1043 1167 doivent
1060 1138 1204 1179 passer
1233 1138 1310 1178 par
1343 1126 1381 1166 le
1414 1126 1609 1179 bapteme
1641 1128 1683 1167 et

113 1191 354 1244 s'echapper
372 1191 478 1232 ainsi
495 1192 605 1232 88188
624 1195 666 1232 81
684 1192 798 1232 88818
817 1192 869 1232 (18
889 1191 1081 1244 l'Egypte
1101 1191 1348 1232 tenebreuse
1367 1192 1422 1231 du
1452 1191 1601 1244 peche,
1622 1202 1679 1233 en

116 1259 276 1296 sortant
294 1257 345 1297 de
364 1257 404 1296 la
424 1257 620 1310 captivite
642 1258 698 1297 du
718 1257 886 1297 de'mon.
910 1258 986 1297 Les
1005 1257 1135 1296 douze
1147 1257 1306 1309 pierres
1324 1258 1607 1309 transportees
1626 1257 1683 1298 dn

117 1331 237 1374 camp
257 1323 282 1362 a
299 1321 339 1361 18
357 1322 475 1374 place
494 1321 564 1362 des
586 1322 717 1362 douze
736 1324 876 1362 autres
897 1321 1124 1374 designent
1156 1321 1216 1361 les
1247 1321 1378 1361 douze
1413 1323 1591 1374 Apotres
1609 1321 1684 1375 qui

118 1389 194 1426 ont
212 1386 383 1426 succede
409 1398 494 1427 aux
511 1387 642 1428 douze
662 1387 939 1436 patriarches,
962 1398 1068 1427 nous
1097 1389 1339 1438 annoncant
1366 1390 1408 1427 et
1441 1398 1547 1426 nous
1574 1386 1681 1427 don·

119 1454 224 1491 nant
243 1451 281 1491 le
299 1451 508 1504 bapteme.
1235 1463 1241 1468 ⁸

170 1517 227 1556 Le
246 1516 455 1556 troisieme
476 1520 538 1556 est
556 1516 716 1569 qu’E'lie
735 1518 777 1556 et
803 1515 938 1556 Elisee
965 1516 1069 1556 l’ont
1097 1519 1217 1568 passe
1237 1517 1261 1555 8
1281 1516 1379 1568 pied
1411 1527 1493 1568 sec,
1515 1516 1684 1569 lorsque

116 1577 209 1621 mie
227 1581 292 1621 fut
310 1581 400 1621 ravi
418 1593 472 1621 au
492 1581 583 1621 ciel.
607 1583 719 1621 Nous
739 1580 864 1631 aussi,
877 1591 982 1621 nous
1000 1592 1180 1621 sommes
1199 1581 1309 1621 ravis
1329 1574 1383 1621 au
1402 1582 1615 1631 ciel,mais
1627 1593 1684 1622 en

115 1651 283 1699 pussant
302 1649 559 1699 anparavant
578 1657 655 1699 par
674 1647 714 1686 18
733 1646 942 1699 bapteme.
966 1646 1074 1687 C’est
1093 1647 1133 1686 18
1153 1646 1462 1687 effectivement
1478 1658 1561 1700 qne
1575 1658 1683 1687 nous

115 1719 296 1752 summes
313 1711 441 1763 laves,
455 1712 562 1751 mais
581 1712 692 1752 aussi
710 1711 770 1752 les
789 1711 907 1764 pieds
927 1712 978 1752 de
999 1722 1075 1751 nos
1106 1712 1324 1752 affections
1351 1720 1383 1764 y
1416 1716 1511 1752 sont
1539 1711 1683 1753 seches

115 1774 170 1816 de
188 1778 302 1816 toute
319 1776 502 1817 hnmeur
520 1777 686 1830 impure
706 1777 759 1817 de
776 1777 924 1830 peche.

172 1842 228 1880 Le
247 1842 476 1894 quatrieme
495 1845 557 1882 est
577 1853 658 1895 que
678 1842 717 1882 le
738 1842 887 1894 Syrien
910 1843 1115 1891 Naaman,
1138 1842 1199 1894 s’y
1218 1843 1337 1882 etant
1356 1841 1449 1882 lave
1470 1845 1562 1894 sept
1582 1842 1678 1893 fois,

120 1997 258 2035 magno
310 1990 350 2026 in
402 1990 544 2028 honore
595 1990 758 2027 habitus.
799 1990 881 2026 Fuit
919 1989 1119 2027 duodecim
1140 1990 1299 2036 grandes
1319 1989 1479 2036 lapides,
1499 1994 1682 2028 81118118-

119 2046 257 2083 uempe
276 2037 376 2074 circa
395 2037 597 2075 ,Iordanem
627 2039 796 2082 nuvium,
818 2038 881 2085 qui
921 2038 1005 2074 tulit
1026 2038 1066 2074 in
1097 2047 1303 2085 campum;
1329 2043 1439 2084 atque
1472 2049 1518 2074 cx
1548 2049 1683 2085 campo

120 2084 161 2122 iu
178 2083 383 2131 scripturis
403 2086 519 2122 sacris
539 2090 594 2122 est
624 2086 672 2123 ob
705 2086 881 2132 mysteria
919 2085 1117 2122 duodecim
1132 2085 1226 2122 alios
1246 2085 1509 2131 transportavit
1530 2085 1571 2122 in
1585 2086 1682 2131 prio-

116 2132 470 2176 nominatissimus;
492 2138 710 2180 septemque
733 2134 882 2180 privile·
920 2143 1003 2169 rum
1026 2133 1164 2169 locum.
1188 2133 1256 2169 Per
1278 2132 1506 2178 baptismum
1539 2133 1684 2170 scilicet

98 2178 190 2227 'giis
220 2179 424 2216 adornatus
454 2185 522 2225 est,
556 2182 715 2228 figuram
747 2190 881 2228 gerens
919 2180 1057 2216 debent
1078 2190 1211 2216 omnes
1232 2180 1404 2224 transire,
1426 2184 1461 2216 et
1480 2180 1571 2216 salvi
1593 2191 1682 2217 eva-

119 2226 239 2264 nostri
252 2226 499 2274 baptismatis.
918 2228 1021 2271 dere,
1043 2239 1086 2264 cx
1107 2228 1263 2274 AEgypto
1296 2227 1492 2264 tenebrosa
1524 2227 1681 2275 peccati,

173 2273 342 2312 Primum
372 2280 442 2320 est,
464 2275 562 2330 quod
595 2280 734 2312 terram
766 2286 879 2312 sanc·
918 2280 954 2311 et
992 2275 1205 2321 captivitate
1249 2274 1391 2311 diaboli
1434 2276 1682 2321 egredientes.

121 2323 198 2357 tam
217 2321 349 2359 dividit
364 2322 414 2360 ab
433 2323 520 2360 aliis
531 2323 708 2369 gentibus
726 2324 878 2360 idolola-
921 2323 1126 2360 Duodecim
1171 2326 1297 2359 autem
1336 2322 1392 2358 illi
1445 2322 1587 2368 lapides
1636 2333 1684 2360 ex

121 2367 200 2414 tris,
221 2380 243 2405 a
272 2368 460 2417 Moabitis,
493 2370 678 2408 Arabibus
711 2376 746 2408 et
778 2371 876 2408 aliis.
918 2381 1053 2417 campo
1072 2370 1242 2407 translati
1264 2370 1303 2406 in
1325 2370 1450 2406 locum
1482 2370 1684 2407 duodecim

121 2414 200 2452 Hoc
217 2416 399 2454 nimirum
418 2429 486 2465 pro
515 2419 615 2456 rium
647 2423 702 2455 est
735 2418 878 2466 baptis·
917 2418 1094 2462 aliorum,
1115 2418 1330 2464 designant,
1351 2418 1550 2454 duodecim
1572 2418 1683 2464 Apos-

121 2461 190 2506 1111,
209 2463 308 2509 quod
325 2463 456 2502 fideles
473 2477 495 2502 a
550 2465 770 2503 infidelibus
800 2467 879 2503 dis—
919 2466 1028 2510 10108,
1050 2466 1114 2512 qui
1134 2465 1334 2502 duodecim
1356 2464 1582 2501 Patriarchis
1602 2475 1684 2503 sue-

122 2514 251 2546 oernat
277 2526 286 2556 ;
350 2517 479 2560 estque
545 2513 721 2551 introitus
772 2518 880 2550 terrae
917 2517 1126 2557 cesserunt,
1147 2518 1183 2549 81
1203 2512 1313 2549 nohis
1345 2511 1587 2559 baptismum,
1609 2523 1682 2550 an·

122 2560 277 2610 88110118,
295 2557 366 2596 1108
383 2565 440 2597 est
467 2561 645 2598 Ecclesiae
675 2573 697 2598 8
732 2562 879 2598 Christo
919 2561 1145 2598 nuntiarunt
1165 2565 1198 2597 et
1214 2560 1413 2596 dederunt.

123 2604 375 2642 sanctificatae.
965 2609 1133 2645 Tertium
1164 2612 1234 2650 est,
1269 2607 1368 2653 quod
1407 2606 1507 2642 Elias
1538 2611 1574 2644 81
1601 2606 1683 2643 Eli-

170 2649 385 2690 Secundum
422 2659 490 2700 881,
554 2657 629 2693 uod
693 2667 733 2693 er
770 2656 879 2693 illum
918 2666 1015 2693 saeus
1035 2666 1100 2702 per
1120 2655 1229 2691 illum
1250 2654 1360 2690 siccis
1387 2653 1546 2700 pedihus
1577 2659 1684 2691 tran-

126 2698 342 2736 transierint
360 2699 428 2738 filii
449 2702 549 2740 Israe
584 2714 630 2741 ex
661 2667 806 2751 Egypto
838 2704 879 2741 in
919 2704 1076 2748 sierunt,
1094 2713 1185 2739 cum
1207 2706 1333 2748 raptus
1353 2705 1407 2737 881
1428 2702 1528 2737 Elias
1551 2702 1590 2738 in
1610 2711 1684 2739 808-

125 2748 263 2781 terram
290 2748 512 2792 promissam
541 2751 752 2798 tendentes,
785 2752 880 2798 ejus-
920 2751 1014 2788 lum.
1037 2750 1181 2796 Nempe
1201 2754 1237 2785 et
1268 2749 1309 2785 in
1339 2748 1478 2785 coelum
1510 2748 1684 2786 vehimur

127 2801 200 2838 que
231 2801 338 2838 aquae
366 2794 494 2834 divisas
520 2803 624 2843 sunt,
644 2803 681 2836 et
700 2803 881 2836 steterunt
920 2809 1006 2844 nos,
1029 2798 1093 2834 sed
1126 2799 1366 2833 transcuntes
1384 2797 1490 2842 prius
1509 2806 1575 2843 per
1594 2796 1684 2844 hap—

126 2841 283 2885 Πῦθῦῑὸ,
308 2851 394 2878 arca
423 2842 476 2880 ibi
506 2846 740 2891 quiescente,
760 2847 882 2884 donec
922 2846 1078 2882 tismum
1097 2855 1110 2882 :
1133 2843 1186 2880 ibi
1217 2844 1371 2890 quidem
1390 2843 1596 2889 abluimur,
1616 2844 1684 2882 sed

129 2895 263 2924 omnes
283 2888 514 2928 transissent.
536 2893 653 2941 Atque
671 2893 814 2931 ibidem
841 2894 882 2930 111
921 2894 1035 2930 etiam
1055 2892 1246 2929 siccantur
1265 2891 1380 2938 pedes
1399 2890 1577 2928 affectum
1595 2902 1684 2931 1109

127 2934 352 2974 memoriam
380 2937 553 2977 miraculi
582 2941 734 2979 sustulit
768 2942 883 2980 Josue
922 2945 1066 2979 trorum
1085 2939 1133 2977 ob
1154 2939 1261 2978 omni
1284 2938 1613 2991 humorepeccati.
