1858 3184
767 189 792 221 ο
821 189 963 222 cuns
989 188 1133 220 num.
1659 178 1739 221 139

164 258 305 324 &rige
325 267 627 324 les‘reprouves
657 279 821 310 comme
852 279 956 309 avec
984 267 1057 308 des
1087 265 1263 307 cordons
1280 264 1386 305 dans
1407 267 1516 306 cette
1533 265 1616 315 vie,
1635 266 1738 319 pre—

164 335 264 376 ludo
293 335 366 377 des
396 327 568 377 chaldea
598 333 671 386 qui
702 334 762 374 188
792 334 1082 374 entraIneront
1113 335 1156 373 et
1186 331 1245 372 les
1268 329 1737 374 1·81188(11ὀ81(1885188

164 400 372 454 supplices
390 398 583 441 eternels.
605 398 713 440 c’est
731 398 774 439 18
790 410 963 439 1888888
983 410 1065 451 que
1087 397 1180 437 leur
1206 396 1283 437 fait
1302 407 1452 436 encore
1471 394 1510 435 le
1530 395 1739 448 prophete

163 465 270 507 Isaie
291 478 302 506 :
329 478 348 505 α
367 463 558 507 Mathem-
577 465 604 504 ὁ,
620 476 742 513 vous,
776 464 848 517 qui
879 476 983 503 vous
1001 475 1142 503 servez
1165 462 1222 502 du
1242 472 1474 512 mensonge
1501 472 1664 500 comme
1683 460 1739 502 (18

163 530 308 572 cordes
325 541 434 583 pour
450 529 611 570 trainer
629 541 714 570 nne
732 529 891 581 longue
910 529 1018 569 suite
1047 528 1290 581 d’iniquites
1319 530 1363 566 et
1395 526 1467 579 qui
1487 525 1591 566 tirez
1610 526 1736 578 apres

163 607 265 636 vous
281 594 322 636 18
339 593 469 648 peche
488 606 651 635 comme
669 594 728 635 les
750 595 868 634 traits
886 597 1127 646 emportent
1146 594 1184 632 le
1204 592 1381 632 chariot.
1403 590 1538 644 (lsafe.
1559 602 1601 641 v,
1618 589 1728 644 18.)υ

161 661 239 702 Les
254 661 482 712 reprouves
498 662 678 700 tressent
696 659 755 700 les
774 660 926 712 peches
946 671 1110 699 comme
1141 670 1224 698 une
1251 657 1376 697 corde
1409 668 1490 709 que
1521 656 1561 696 18
1592 654 1731 708 grand

160 724 334 766 nombre
366 724 417 765 de
446 724 513 765 fils
544 724 621 764 fait
653 725 823 777 grossir,
842 725 1013 777 jusqu’a
1043 736 1088 764 88
1121 723 1243 776 qu'ils
1273 721 1533 762 deviennent
1565 721 1603 760 le
1630 720 1739 761 trait

163 790 342 844 grossier
361 790 416 830 du
437 790 598 830 chariot
618 790 690 843 qui
710 791 769 830 les
788 792 982 830 entraine
1002 790 1246 830 tinalement
1276 788 1381 827 dans
1412 787 1451 827 le
1476 786 1662 839 supplice
1681 785 1735 827 (18

158 855 207 896 18
229 855 472 896 (1881881108
501 855 718 896 eternelle.
740 857 852 896 Pour
883 855 1067 902 ceux-lii,
1091 855 1120 893 il
1153 853 1284 906 prend
1322 854 1361 892 18
1398 863 1527 903 verge
1557 850 1737 904 appelee

159 935 180 958 ι
200 919 241 962 18
260 921 439 970 cordon,
463 936 484 957 »
505 921 565 961 les
584 923 749 961 serrant
768 933 822 962 en
841 933 887 961 88
907 921 1060 960 monde
1081 932 1134 959 88
1155 931 1307 971 moyen
1330 918 1381 957 de
1401 929 1596 957 menaces
1615 919 1658 957 et
1677 916 1733 957 (18

157 985 410 1027 811811188818
440 986 592 1026 divers,
614 986 718 1027 Mais
750 987 783 1027 si
814 999 882 1026 ces
912 998 1106 1026 menaces
1138 988 1180 1026 et
1211 997 1278 1024 ces
1308 983 1557 1023 chatiments
1589 994 1642 1023 ne
1668 981 1730 1022 les

155 1050 287 1091 tirent
315 1051 436 1104 point
469 1051 525 1092 du
557 1051 703 1104 peche,
728 1067 747 1088 α
771 1052 801 1092 11
831 1052 891 1092 185
920 1051 1078 1092 brisera
1108 1062 1270 1090 comme
1299 1049 1337 1088 18
1359 1060 1453 1088 vase
1473 1048 1572 1087 d’un
1595 1047 1735 1100 potior

156 1128 258 1157 avec
275 1128 358 1157 une
378 1128 506 1170 verge
536 1117 588 1157 de
607 1117 684 1166 fer,
707 1131 726 1154 n
753 1117 781 1157 il
802 1116 861 1157 les
881 1117 1128 1170 precipitem
1147 1116 1250 1156 (1885
1271 1115 1312 1155 18
1331 1113 1543 1155 fournaise
1564 1125 1670 1164 pour
1702 1125 1730 1164 y

157 1181 244 1222 etro
262 1181 584 1223 eternellement
602 1184 877 1222 tourmentes.

210 1249 251 1287 1⁰
271 1248 334 1288 Du
355 1251 477 1297 reste,
500 1247 767 1288 voulez-vous
786 1247 1062 1300 comprendi-e
1095 1246 1135 1285 18
1156 1245 1462 1297 magnificence
1481 1246 1524 1283 et
1549 1243 1591 1283 18
1612 1243 1729 1295 puis-

156 1323 279 1352 sauce
299 1312 350 1352 de
370 1324 416 1353 88
435 1315 597 1364 sceptro
629 1313 680 1353 de
708 1312 749 1352 18
779 1312 941 1352 maison
976 1312 1159 1360 d'Israel‚
1184 1310 1504 1363 rappelcz-vous
1522 1308 1563 1349 18
1589 1310 1734 1361 Verge

155 1377 433 1418 miraculeuse
453 1378 542 1430 qui,
564 1382 682 1418 entre
702 1377 762 1418 les
782 1378 918 1417 mains
950 1378 1001 1417 de
1036 1378 1178 1426 Mo'ise,
1200 1376 1406 1429 produisit
1436 1379 1528 1415 1881
1547 1374 1598 1414 (18
1620 1385 1728 1414 mer-

155 1442 314 1494 veilles,
336 1442 505 1495 lorsque
525 1443 696 1483 celui-ci
729 1444 810 1482 tira
841 1443 900 1482 les
921 1443 1088 1483 enfants
1108 1442 1276 1482 d'lsrael
1295 1441 1347 1481 de
1379 1434 1590 1492 l'Egypte.
1611 1440 1733 1480 Cetto

155 1507 310 1559 Verge,
332 1520 436 1548 vous
472 1507 514 1548 18
550 1519 791 1548 nommerez
811 1509 835 1547 8
860 1508 944 1547 11ο8
974 1508 1085 1547 droit
1122 1507 1162 1546 le
1199 1510 1360 1558 sceptre
1399 1506 1449 1545 (18
1487 1504 1528 1544 18
1565 1504 1728 1544 maison

154 1570 340 1621 d'lsraffl,
362 1584 432 1612 car
462 1572 542 1612 elle
575 1572 639 1612 fut
670 1571 709 1612 le
729 1576 829 1624 type
861 1577 903 1612 et
935 1572 972 1611 18
1005 1571 1192 1623 syinbole
1226 1572 1276 1611 «le
1309 1571 1351 1610 18
1379 1571 1597 1623 puissance
1628 1580 1727 1609 avec

151 1635 334 1689 laquelle
354 1637 392 1677 le
413 1637 564 1687 Christ,
586 1637 651 1678 fils
670 1638 722 1678 de
742 1637 863 1688 Dieu,
881 1637 1020 1677 devait
1041 1638 1143 1678 tirer
1163 1637 1222 1677 les
1242 1636 1385 1677 fideles
1406 1635 1456 1676 de
1478 1634 1733 1686 l’esclavage

152 1701 207 1742 du
227 1701 358 1754 peche
378 1706 418 1742 et
439 1702 493 1742 du
514 1702 693 1755 pouvoir
713 1702 763 1742 de
786 1704 933 1743 Satan.
1125 1741 1131 1747 ,

204 1767 322 1807 Cetto
341 1768 500 1820 Verge,
523 1771 686 1820 sceptre
706 1768 762 1808 du
782 1768 1150 1808 commandement
1184 1779 1263 1819 que
1283 1767 1388 1807 Dion
1411 1765 1469 1805 lui
1490 1766 1605 1805 avait
1623 1777 1722 1804 con-

149 1830 204 1872 118
224 1844 295 1874 sur
313 1844 388 1872 son
409 1832 575 1886 peuple‚
599 1833 742 1882 Mo'ise,
764 1846 834 1873 sur
854 1833 1004 1874 l'ordre
1025 1834 1080 1872 du
1103 1833 1326 1884 Seigneur,
1342 1831 1384 1871 18
1400 1832 1490 1882 Jeia
1510 1843 1586 1883 par
1616 1835 1728 1870 terre

150 1901 192 1936 et
209 1896 289 1936 elle
308 1908 352 1937 88
371 1897 564 1950 81188388
583 1910 636 1938 88
657 1901 842 1951 serpent.
865 1898 976 1946 Puis,
1000 1897 1143 1950 quand
1165 1898 1191 1937 il
1213 1897 1316 1936 l’ent
1336 1896 1492 1949 reprise
1512 1908 1565 1935 88
1588 1894 1722 1944 main,

150 1961 189 2002 le
210 1966 379 2015 serpent
398 1963 591 2004 redevint
610 1975 754 2016 verge.
777 1965 893 2004 Cette
926 1963 1079 2003 double
1099 1962 1425 2004 transmutation
1452 1961 1665 2013 designait
1684 1959 1725 1999 18

147 2139 218 2176 ciis
248 2140 492 2186 permixtum,
531 2151 604 2187 quo
638 2141 797 2178 rebelles
836 2152 913 2178 non

147 2189 224 2223 tam
245 2193 441 2232 reguntur,
461 2199 574 2235 quam
600 2190 914 2234 constringuntur

147 2234 254 2281 quasi
284 2234 466 2273 funiculis
486 2236 527 2272 in
549 2237 618 2273 hac
639 2238 725 2281 vita,
749 2237 914 2273 rudenti-

144 2279 217 2319 hus
243 2287 371 2328 postca
396 2284 617 2320 detrahendi
650 2289 686 2321 ct
717 2285 913 2321 detinendi

142 2329 187 2366 in
218 2331 370 2367 aeternis
403 2331 612 2378 suppliciis.
636 2332 780 2376 Quibus
800 2334 911 2369 etiam

143 2376 311 2414 minatur
341 2379 526 2425 Propheta
548 2379 688 2416 isaias:
717 2396 728 2412 n
755 2380 816 2417 Vae
848 2381 911 2427 qui

142 2424 291 2479 tranitis
345 2426 582 2473 iniquitatem
634 2428 673 2464 in
730 2428 912 2464 funiculis

141 2473 331 2518 vanitatis,
387 2479 423 2511 81
477 2478 668 2520 tamquam
714 2475 908 2512 vinculum

158 2519 300 2574 ‘laustri
321 2525 532 2567 peccatum.
559 2537 573 2555 n
599 2523 643 2559 In
664 2523 819 2559 modum
842 2525 911 2560 sci-

158 2571 230 2604 icet
251 2567 384 2622 funi&
425 2570 488 2616 qui
536 2580 580 2606 ex
654 2570 910 2607 181·11185“11Ιί5

142 2619 292 2659 crescit,
313 2620 467 2663 peccata
481 2628 622 2664 arepro
652 2618 683 2654 is
703 2623 910 2655 contexun-

140 2663 216 2705 tur,
238 2662 358 2700 donec
378 2670 550 2701 crescant
580 2666 621 2702 in
653 2675 822 2702 crassum
852 2677 910 2702 ru-

141 2707 293 2746 dentem
313 2711 484 2758 plaustri,
506 2723 580 2759 quo
599 2713 646 2749 ad
677 2715 907 2760 supplicium

141 2755 295 2793 tandem
350 2763 503 2796 aeternae
559 2761 814 2797 damnationis
867 2763 906 2798 in

141 2813 310 2850 praeceps
340 2807 623 2851 pertrahuntur.
661 2808 813 2854 Propter
840 2809 907 2845 hos

141 2859 229 2896 ergo
259 2853 417 2890 assumit
443 2854 593 2900 virgam
617 2869 632 2889 α
658 2856 865 2893 Funiculus
887 2873 901 2890 2.

138 2903 414 2952 nuncupatam,
451 2902 564 2939 variis
608 2913 672 2940 eos
717 2904 833 2940 minis
870 2909 906 2940 et

135 2955 264 3030 ἕξεως
284 2948 548 3000 constringens
580 2950 620 2987 in
649 2950 723 2988 hoc
750 2951 902 2989 saeculo.

187 2993 211 3030 d
241 3002 328 3040 quui
360 2994 419 3032 his
450 2996 566 3035 minis
595 2998 794 3047 poenisque
825 3009 906 3038 non

954 2141 1233 2178 retrahuntur-a
1255 2145 1424 2188 peccato,
1452 2144 1580 2186 postea
1605 2155 1617 2171 u
1643 2140 1724 2175 Vir-

953 2201 998 2232 gza
1020 2190 1150 2231 sci-rea,
1176 2193 1366 2235 tamquam
1397 2189 1467 2224 Vas
1490 2187 1607 2233 Figuli
1628 2197 1725 2223 con-

956 2238 1089 2279 l'ringct
1125 2247 1203 2279 885,
1230 2252 1243 2267 ι»
1267 2242 1300 2272 ct
1324 2238 1363 2272 in
1395 2236 1588 2272 fornacem
1621 2239 1729 2271 aeter—

955 2295 1044 2320 num
1067 2284 1292 2320 cruciandos
1312 2284 1497 2320 detrudet.

999 2335 1197 2374 (holerum,
1228 2332 1258 2367 si
1282 2332 1393 2375 hujus
1421 2330 1557 2376 sceptri
1589 2330 1726 2366 domus

956 2380 1066 2416 lsrael
1089 2380 1425 2423 magnificentiam,
1445 2377 1726 2425 potentiamque

954 2428 1006 2463 vis
1021 2428 1245 2473 intelligere,
1263 2427 1482 2463 memineris
1499 2426 1620 2471 Virgae
1640 2435 1722 2472 pro·

951 2476 1118 2518 digiosae.
1156 2486 1228 2522 qua
1269 2475 1414 2520 Moyses
1460 2474 1571 2509 l‘ilios
1610 2473 1720 2509 lsrael

950 2523 1080 2559 eduxit
1099 2523 1144 2558 de
1176 2524 1334 2568 AEgypto
1367 2523 1405 2557 in
1440 2526 1490 2557 tot
1524 2521 1722 2567 portentis.

951 2571 1100 2615 vin-gam
1124 2571 1231 2607 istam
1256 2575 1354 2606 recte
1375 2573 1566 2615 sceptrum
1586 2568 1726 2605 domus

954 2619 1063 2654 lsrael
1104 2618 1375 2659 nominaveris,
1412 2627 1499 2652 nani
1541 2620 1578 2652 81
1609 2621 1724 2662 typus

949 2676 991 2701 nc
1035 2666 1250 2710 symbolum
1302 2665 1372 2700 fuit
1410 2663 1604 2710 potestatis
1647 2673 1723 2710 qua

947 2714 1117 2750 Christus
1158 2714 1274 2749 Filius
1304 2713 1366 2748 Dei
1399 2712 1604 2748 educturus
1641 2714 1719 2747 erat

948 2761 1078 2798 lideles
1112 2762 1158 2797 de
1192 2760 1369 2796 servitute
1406 2759 1563 2806 peccati,
1599 2763 1636 2795 et
1672 2758 1722 2795 de

947 2809 1092 2845 Salanae
1112 2812 1307 2854 potestate.

995 2857 1037 2892 Et
1077 2856 1182 2891 illam
1223 2854 1377 2900 quidem
1410 2853 1578 2899 virgam,
1612 2853 1720 2898 quasi

946 2903 1142 2949 regiminis
1178 2901 1251 2938 sibi
1281 2913 1304 2938 a
1341 2902 1417 2938 Deo
1455 2901 1494 2937 in
1534 2900 1719 2947 populum

945 2961 1056 2986 suum
1089 2949 1300 2986 concrediti
1330 2953 1540 2998 sceptrum!
1560 2947 1718 2995 projecit

944 2998 1091 3044 Moyses
1107 2997 1216 3043 jussu
1249 2996 1317 3034 Dei
1347 2997 1390 3033 in
1425 3000 1577 3040 terram,
1608 2998 1645 3032 81
1675 2995 1719 3031 18
