1858 3184
547 161 716 194 sueono-
733 160 947 191 ntunncnn
978 158 1030 190 nn
1058 149 1253 191 t'svnnr.
1607 151 1689 193 8⁰⁸

106 245 162 300 de
191 243 398 298 patience,
417 241 469 282 de
486 240 668 282 sobriete
699 242 741 280 et
771 238 823 279 de
853 238 1052 290 8111151818,
1075 242 1119 279 et
1146 243 1290 279 autres
1321 238 1483 279 bonnes
1521 251 1689 282 oeuvres

109 309 183 363 qui
201 309 424 362 indiquent
441 318 495 348 en
513 316 619 347 nous
636 304 678 345 la
697 303 994 358 participation
1025 306 1052 343 8
1083 303 1126 344 la
1158 305 1284 356 grace
1315 306 1358 344 et
1388 306 1415 343 a
1445 304 1605 357 l’esprit
1635 306 1689 347 de

106 373 418 417 lesus-ebriet?
436 373 470 413 Ο
487 370 701 421 6111811811,
731 373 919 410 montrez
951 369 1060 409 donc
1089 371 1209 409 votre
1229 369 1289 408 foi
1307 381 1385 421 par
1404 381 1478 408 vos
1497 381 1682 411 oeuvres.

113 454 136 480 ι
148 441 262 482 Vous
276 450 377 479 vous
389 437 638 488 demasquez
657 438 700 475 et
720 447 823 475 vous
837 445 942 475 vous
959 434 1178 484 trahissez,
1189 434 1332 487 quand
1346 446 1451 474 vous
1465 434 1589 474 faites
1602 447 1688 476 8118

108 505 233 545 811058
262 505 305 544 et
335 515 387 544 en
416 501 626 555 professez
661 511 747 539 une
778 502 916 548 autre,
944 498 1069 539 fidele
1101 499 1153 539 de
1185 511 1302 550 nom,
1323 499 1496 538 infidele
1515 499 1567 539 de
1593 500 1688 540 fait.

108 569 230 622 (Aue.
251 580 320 608 sur
339 566 373 608 le
393 564 612 619 Symbole).
638 580 657 602 n
678 564 894 618 Pou¹·quoi
913 575 1136 604 avez-vous
1154 577 1212 604 un
1234 575 1382 604 renom
1402 564 1453 604 de
1485 564 1550 604 vie
1570 569 1615 605 et
1634 576 1688 604 ne

110 634 350 674 faites-vous
369 643 452 684 que
472 630 544 670 des
563 641 728 670 oeuvres
748 630 798 669 de
819 633 946 678 mort,
978 629 1050 669 des
1082 640 1247 669 oeuvres
1278 629 1329 669 de
1362 628 1524 682 peche?
1554 630 1688 669 Pour-

110 699 209 752 quoi
239 700 501 750 portez-vous
521 695 560 735 le
580 706 680 735 nom
706 694 757 734 de
783 694 998 743 Chretien‚
1032 698 1074 734 et
1106 706 1382 734 menez-vous
1414 694 1456 735 18
1486 694 1554 734 vie
1586 694 1690 734 d'un

108 761 280 803 infidele
299 764 341 802 et
359 761 460 800 d'un
478 760 634 813 paien?
665 760 770 807 Quel
799 762 861 800 est
892 759 1090 799 l'ouvrier
1123 759 1196 812 qui
1226 771 1280 800 ne
1312 763 1479 800 montre
1508 771 1583 812 pas
1611 771 1687 799 son

107 830 174 868 art
190 832 232 868 et
251 838 296 866 58
315 826 549 879 profession
571 826 596 865 a
615 837 680 865 ses
700 824 893 865 oeuvres?
913 826 969 865 Le
989 825 1155 877 peintre
1174 836 1218 864 se
1238 825 1377 864 revele
1410 826 1435 864 a
1465 836 1530 864 ses
1562 825 1687 876 pein-

106 895 216 942 ture‚
238 892 277 932 le
297 891 549 931 cordonnier
568 893 593 930 a
612 902 676 930 ses
695 890 959 939 chaussures,
992 890 1187 930 l'ort'evre
1220 902 1306 929 aux
1337 901 1454 930 vases
1487 890 1688 941 precieux

106 957 208 1011 qu’il
225 956 434 1009 fabrique.
457 957 527 1005 Or,
552 955 690 1009 quelle
709 960 772 995 est
790 958 908 996 votre
928 955 1177 1008 profession,
1201 955 1323 994 sinon
1346 966 1429 994 une
1451 954 1689 1007 profession

105 1022 158 1063 de
175 1022 300 1075 piete,
322 1022 374 1062 de
405 1022 527 1074 grace
547 1025 589 1061 et
607 1020 780 1073 d’esprit
799 1020 848 1061 de
868 1021 889 1061 J
895 1020 1181 1060 esus-Christ?
1200 1020 1414 1072 Pou1·quoi
1434 1019 1542 1059 donc
1561 1020 1695 1072 prati-

106 1078 340 1140 quez-vous
358 1086 611 1139 l'impurete‚
632 1085 917 1138 l’ivrognerie‚
943 1086 981 1126 la
1000 1086 1193 1138 superbe,
1215 1085 1472 1137 l'injustice?
1493 1086 1607 1125 Vous
1621 1096 1689 1124 se-

107 1163 177 1192 rez
193 1155 298 1204 juge
316 1155 360 1192 et
378 1163 562 1192 recounu
582 1154 607 1191 a
627 1163 700 1191 vos
719 1162 900 1199 oeuvres,
929 1162 1092 1191 comme
1110 1150 1387 1191 Jesus-Christ
1421 1150 1477 1190 l'a
1509 1152 1577 1190 ete
1606 1162 1692 1190 aux

107 1217 288 1257 51811885.
311 1220 345 1257 A
367 1229 413 1257 ce
433 1217 542 1268 sujet
573 1216 798 1264 d’ailleurs,
834 1228 965 1267 voyez
990 1227 1036 1256 ce
1068 1228 1149 1268 que
1178 1216 1254 1267 j'ai
1286 1216 1349 1254 dit
1380 1215 1474 1267 plus
1509 1214 1691 1268 longue-

111 1286 229 1322 ment
248 1282 351 1322 dans
370 1282 408 1322 le
426 1281 574 1322 Jardin
594 1281 660 1321 des
679 1281 883 1322 Pasteurs.
904 1281 970 1333 (T.
992 1282 1024 1331 1,
1047 1283 1103 1321 1⁰¹
1124 1281 1265 1330 118118,
1287 1280 1355 1320 811.
1377 1280 1444 1333 11.)

166 1346 283 1396 Μ815,
307 1347 463 1396 dit-on,
486 1350 698 1387 comment
716 1348 776 1386 les
795 1346 989 1387 miracles
1007 1346 1059 1386 de
1078 1346 1357 1387 ,lesus-Christ
1368 1345 1693 1399 prouvaient-ils

110 1412 419 1453 suffisamment
438 1424 484 1452 sa
503 1412 691 1462 divinite,
726 1412 835 1452 alors
867 1425 948 1465 que
980 1412 1188 1464 plusieurs
1220 1412 1359 1464 parmi
1379 1411 1439 1450 les
1458 1411 1589 1450 saints
1615 1413 1693 1451 ont

109 1477 187 1518 fait
218 1477 290 1518 des
322 1478 514 1518 miracles
533 1477 797 1528 semblables,
819 1478 923 1518 dans
942 1477 1130 1517 l'Aneien
1162 1481 1205 1516 et
1236 1476 1276 1516 le
1307 1477 1509 1516 Nouveau
1542 1477 1690 1516 Testa-

108 1543 249 1582 ment?
268 1531 357 1583 Elie
377 1547 420 1582 et
438 1543 572 1583 Elisee
605 1546 680 1582 ont
715 1542 933 1582 ressuscite
953 1542 1026 1581 des
1051 1544 1198 1589 mox-ts,
1235 1540 1356 1592 gueri
1389 1541 1462 1580 des
1492 1540 1687 1592 ispi-eux,

107 1609 152 1648 et
188 1606 265 1647 fait
300 1607 508 1660 plusieurs
540 1611 680 1647 autres
711 1607 919 1647 miracles.
962 1606 1079 1646 Ainsi
1115 1605 1292 1646 l'ombre
1330 1609 1448 1646 toute
1487 1605 1602 1646 seule
1640 1605 1693 1647 de

46 1673 48 1675 ’
107 1671 249 1712 Pierre
285 1673 447 1725 operait
482 1673 555 1713 des
595 1672 831 1725 5881150115,
865 1672 924 1712 185
963 1672 1205 1712 mouchoirs
1236 1675 1279 1712 et
1310 1672 1370 1712 les
1408 1671 1582 1711 tabliers
1614 1670 1688 1711 des

108 1737 285 1789 Apctres
303 1738 544 1789 egalement
562 1736 669 1790 (Act.
691 1736 758 1777 des
777 1737 957 1791 Amnes,
980 1749 1017 1777 c.
1039 1748 1064 1778 v
1086 1740 1129 1777 et
1147 1737 1250 1789 xix),
1272 1749 1327 1777 au
1360 1736 1481 1789 point
1513 1747 1596 1788 que
1628 1736 1690 1776 les

109 1802 284 1854 Apctres
313 1802 519 1848 semblent
549 1803 668 1843 avoir
698 1802 777 1842 fait
809 1802 860 1842 de
891 1802 986 1855 plus
1025 1802 1179 1854 grands
1210 1801 1404 1842 miracles
1435 1813 1519 1853 que
1548 1801 1691 1842 ,18585-

113 1866 279 1907 Christ?

163 1933 205 1971 1⁰
236 1933 312 1973 Les
342 1931 533 1973 miracles
563 1933 614 1973 de
643 1932 928 1973 Jesus-Christ
959 1931 1170 1984 portaient
1206 1945 1264 1972 un
1295 1932 1492 1972 suffisant
1527 1932 1687 1972 temoi-

113 2114 188 2152 alia
219 2114 320 2152 hona
349 2126 477 2163 opera,
510 2127 596 2164 quae
627 2116 800 2154 indicant
840 2117 881 2153 in
920 2121 1048 2158 tatem,
1078 2115 1309 2163 superbiam,
1342 2115 1571 2162 injustitiam
1605 2126 1692 2153 sec-

114 2161 226 2200 nobis
245 2163 574 2211 participationem
594 2165 724 2211 gratiae
743 2169 780 2201 et
799 2165 881 2211 spi-
921 2164 1041 2200 taris?
1062 2164 1116 2199 Ex
1136 2163 1315 2209 operibus
1342 2164 1418 2200 tuis
1441 2163 1688 2210 judicaberis,

116 2210 210 2265 ritus
229 2211 379 2248 Christi.
410 2212 575 2250 Ostende
595 2223 683 2259 ergo
710 2223 756 2249 ex
787 2223 880 2259 ope·
920 2217 955 2248 ct
969 2211 1203 2258 agnosceris,
1221 2212 1318 2249 sicut
1331 2211 1484 2258 agnitus
1497 2216 1552 2248 est
1568 2211 1693 2248 Chris-

116 2257 222 2294 rtbus
265 2258 380 2296 tidem
418 2264 537 2306 tuam,
576 2271 598 2297 o
637 2260 876 2297 Christiane!
921 2263 979 2296 tus
999 2270 1045 2296 ex
1067 2259 1246 2306 operibus
1273 2259 1434 2295 suis.De
1454 2259 1525 2296 hac
1546 2269 1586 2296 re
1605 2259 1692 2296 vide

118 2315 135 2336 ι
157 2305 348 2354 Detegeris
366 2308 470 2345 enim
501 2313 537 2345 et
569 2308 615 2345 de
643 2308 880 2353 rehenderis‚
920 2317 1004 2353 quae
1024 2307 1175 2354 plenius
1196 2307 1275 2344 dixi
1289 2307 1331 2344 in
1346 2307 1461 2344 Horto
1476 2307 1691 2352 Pastorum,

157 2353 268 2408 ,ando
286 2354 390 2392 aliud
413 2355 508 2403 agis,
529 2360 566 2393 et
595 2367 617 2393 a
635 2356 699 2392 iud
731 2355 826 2402 agis,
845 2360 882 2392 et
922 2355 1021 2391 Leet.
1043 2355 1080 2392 2.

155 2400 220 2455 iud
239 2401 457 2448 profiteris:
481 2403 604 2440 fidelis
632 2404 674 2440 in
708 2403 879 2447 nomine,
967 2403 1038 2439 Sed
1066 2402 1261 2449 quaeritur,
1282 2403 1473 2449 quomodo
1507 2402 1693 2439 miracula

117 2446 221 2501 aliud
253 2449 517 2488 demonstrans
543 2452 585 2488 in
617 2462 743 2498 opere.
771 2465 784 2482 n
809 2452 882 2487 Cur
920 2450 1057 2487 Christi
1090 2450 1323 2488 sufficienter
1355 2451 1438 2497 ejus
1476 2450 1692 2495 probabant

117 2503 259 2532 nomen
280 2496 395 2535 habes
414 2499 513 2543 vitae,
535 2504 571 2535 et
591 2499 747 2535 nonnisi
770 2499 881 2535 exhi-
919 2498 1172 2543 divinitatem,
1205 2498 1357 2545 quando
1389 2497 1546 2543 quidem
1578 2498 1691 2534 multi

121 2539 188 2578 bes
205 2552 318 2589 opera
336 2546 602 2593 mortis,opera
618 2548 792 2594 peccati?
809 2547 882 2582 Cur
919 2547 1145 2583 Sanctorum
1183 2546 1325 2582 similia
1356 2546 1471 2582 etiam
1504 2545 1692 2582 miracula

122 2598 261 2643 nomen
298 2593 398 2638 geris
433 2593 651 2638 Christiani,
691 2599 727 2631 et
766 2594 881 2630 vitam
919 2594 1123 2638 ediderint,
1161 2598 1242 2630 tum
1280 2594 1321 2629 in
1359 2593 1489 2638 veteri,
1530 2597 1612 2630 tum
1649 2594 1691 2630 in

120 2645 200 2682 agis
226 2636 391 2677 infidelis
410 2643 446 2677 et
465 2641 642 2678 ethnici?
673 2642 764 2686 Quis
795 2641 881 2688 opi·
920 2652 1018 2678 novo
1051 2641 1427 2677 testamento?Elias
1459 2647 1496 2676 et
1528 2640 1689 2678 Elisaeus

118 2682 181 2718 fex
213 2693 290 2721 non
309 2688 470 2724 ostendit
488 2698 534 2725 ex
554 2689 736 2736 operibus
762 2694 880 2726 artem
920 2693 1089 2726 mortuos
1123 2689 1369 2731 suscitarunt,
1397 2688 1543 2734 lepram
1575 2699 1688 2725 cura-

120 2739 228 2784 suam
249 2736 302 2785 ‘et
344 2734 648 2780 professionem?
680 2737 803 2774 Pictor
835 2747 879 2773 ex
921 2741 1023 2780 runt,
1045 2741 1081 2772 et
1107 2737 1182 2772 alia
1215 2735 1335 2772 multa
1364 2735 1564 2772 ediderunt
1597 2736 1690 2772 olim

120 2782 293 2832 pic-tutas,
312 2784 416 2818 sutor
435 2792 481 2819 ex
510 2784 663 2828 calceis,
684 2789 804 2821 sartor
836 2795 882 2822 ex
921 2784 1117 2820 miracula.
1166 2784 1260 2819 Item
1307 2782 1441 2818 umbra
1478 2783 1558 2820 sola
1592 2783 1691 2820 Petri

120 2824 426 2880 caltg1s2aurifex
440 2840 485 2866 ex
505 2832 604 2868 vasis
622 2831 882 2869 fabrefactiset
919 2832 1099 2868 sanitates
1129 2829 1363 2874 conferebat,
1395 2834 1431 2867 et
1464 2831 1616 2867 sudaria
1645 2840 1691 2868 ac

119 2876 297 2926 pretiosis
316 2876 524 2929 agnocitur.
541 2878 620 2915 Tua
633 2889 720 2916 vero
740 2880 882 2927 profes·
919 2878 1156 2916 semicinctia
1188 2877 1466 2924 Apostolorum,
1488 2879 1540 2914 ita
1572 2882 1613 2915 ut
1632 2879 1692 2915 vi—

119 2928 178 2973 510
196 2925 360 2977 pietatis,
374 2924 516 2979 gratias,
529 2929 566 2963 et
584 2926 739 2973 spiritus
758 2927 882 2964 Chris·
919 2927 1080 2963 deantur
1099 2925 1268 2972 Apostoli
1288 2926 1432 2973 majora
1444 2925 1593 2964 Christo
1612 2926 1692 2964 edi-

120 2967 179 3003 ti?
195 2967 270 3005 Cur
287 2973 417 3018 igitur,
438 2973 735 3023 immunditiam,
754 2974 879 3013 ebrie·
919 2974 1020 3012 disse
1032 2972 1232 3011 miracula.
