1858 3184
703 212 752 244 ui
780 213 985 251 “moun
1005 214 1065 244 118
1093 205 1261 246 sunau.
1692 210 1764 251 731

189 289 413 345 ,fayenses
430 301 479 332 88
494 290 684 333 damiam
708 291 842 334 heure
873 298 917 334 et
947 293 1031 334 8118
1057 293 1152 334 finit
1182 305 1229 334 sa
1259 293 1328 334 vie
1358 294 1465 336 ‹ltm
1495 294 1767 349 l’ailegresaa,

193 355 385 409 aspirant
402 357 428 396 ὰ
452 355 496 397 la
524 356 662 398 188188
693 357 795 410 paix
825 369 908 411 que
937 358 978 399 18
1005 359 1118 411 justa
1149 358 1339 410 Simeon,
1359 371 1444 410 car.
1467 360 1578 401 voici
1608 362 1772 415 quello·

194 420 341 462 fui-ent.
356 432 421 462 ses
439 422 655 463 dernier-es
671 423 864 475 perolas:
892 437 911 462 ι(
931 424 980 465 ,18
1001 423 1204 465 dormirai
1222 426 1267 464 81
1280 424 1326 476 jo
1346 437 1415 466 me
1447 426 1660 479 reposci-ai
1678 428 1772 481 pai·-

193 485 416 528 siblement
450 498 505 527 88
534 486 610 527 lui.
638 486 725 541 (Ps.
758 498 817 538 lv,
852 488 935 543 15.)
972 503 992 527 n
1033 489 1155 530 Saint
1191 490 1424 542 Angustia,
1445 491 1665 533 ruminant
1700 503 1771 534 888

191 550 374 604 par-oles,
394 551 574 593 s'ecriait
590 551 696 593 dans
715 564 796 594 une
818 553 980 605 grande
1012 554 1182 595 ferveur
1213 554 1349 596 d’ame
1372 568 1382 596 :
1410 569 1430 594 ι(
1451 556 1539 597 0111
1561 569 1614 598 en
1645 557 1771 611 paixt

193 615 278 656 Ohl
300 627 353 656 en
375 616 457 656 luit
480 616 564 657 Ohl
587 616 617 656 il
637 629 662 656 a
681 617 744 657 dit
767 632 776 658 :
798 618 847 659 Je
879 619 1081 659 dormirai
1113 631 1156 659 81
1180 620 1224 672 je
1251 632 1319 661 me
1344 622 1582 674 reposci-ait
1606 638 1627 659 1·
1649 622 1769 664 Sem-

191 679 466 730 hiablement,
487 681 703 723 ruminant
724 694 791 723 ees
822 684 987 737 pai-oles
1019 685 1069 724 de
1102 685 1273 726 Simeon
1295 699 1305 726 :
1331 701 1350 722 ι
1372 686 1654 737 naimonem,
1675 688 1769 729 Sai-

193 758 343 799 gneur,
353 758 457 787 vous
474 759 694 789 renverrez
713 760 767 789 88
789 749 887 802 paix
907 753 1024 790 votre
1045 751 1267 802 servitem,
1289 751 1407 791 selon
1427 755 1545 794 νου-8
1565 753 1726 806 parole,
1740 766 1768 793 ι-

189 823 299 852 nous
315 823 503 865 pouvons
521 813 612 853 dire
634 826 644 854 ε
667 814 700 855 Ο
732 814 922 855 heureux
955 815 1244 856 maintenantl
1265 818 1293 856 ὁ
1323 817 1456 858 heure
1490 818 1703 859 fortunae!
1738 821 1770 860 ὁ

189 877 339 918 renvoi
375 877 487 930 plein
519 878 572 918 de
604 879 805 920 secui-ite!
840 880 866 920 ὀ
897 880 1206 922 bienheureuse
1236 882 1470 923 servitude!
1503 884 1530 923 ὀ
1560 884 1773 936 parole-t

188 954 400 995 promesse
416 943 662 984 infailliblel
684 946 710 985 ὁ
728 945 827 997 paix
847 945 1030 987 desireel
1053 947 1139 987 Ohl
1163 947 1288 999 qu’ils
1315 951 1413 988 sont
1430 948 1530 988 bien
1551 952 1767 1002 pai-tages,

188 1017 295 1048 ceux
315 1008 403 1061 qui,
424 1020 524 1048 avec
542 1008 581 1049 18
599 1010 875 1062 temoignage
895 1011 1022 1051 d'une
1041 1012 1283 1052 conscience
1316 1013 1562 1066 tranquille,
1578 1018 1769 1067 pennu

187 1073 329 1126 parler
347 1074 455 1114 ainsi
474 1076 500 1114 a
518 1074 559 1115 18
578 1074 641 1115 fin
659 1075 711 1116 de
731 1075 772 1116 la
791 1076 878 1116 viel
902 1077 954 1117 Et
974 1077 1024 1117 ils
1045 1077 1082 1117 le
1103 1082 1304 1130 peuvent,
1325 1082 1420 1119 tous
1439 1091 1546 1119 ceux
1566 1080 1640 1132 qui
1658 1092 1764 1133 peu-

187 1140 290 1178 vent
309 1150 475 1180 assui-er
494 1139 617 1192 qu’ils
636 1144 733 1181 sont
751 1142 1071 1182 veritablcmcnt
1093 1144 1152 1182 les
1170 1146 1395 1183 serviteurs
1414 1144 1466 1184 (18
1486 1145 1611 1185 Dienl
1635 1147 1772 1187 Lour-

186 1202 351 1244 bonnes
371 1216 536 1245 oeuvres
555 1207 598 1246 et
616 1204 729 1246 leurs
750 1218 922 1260 propres
942 1208 1112 1248 meritos
1131 1209 1228 1248 unis
1247 1221 1334 1249 aux
1354 1210 1526 1250 meritos
1547 1210 1603 1250 du
1626 1211 1773 1252 Christ

186 1266 280 1308 leur
299 1268 546 1310 revieunent
566 1282 622 1310 au
641 1283 772 1319 coeur,
795 1284 958 1312 comme
978 1285 1034 1312 un
1053 1286 1161 1326 sang
1186 1274 1381 1325 tres-bon,
1403 1275 1492 1314 cela
1512 1275 1572 1316 les
1590 1275 1764 1328 rejouit.

185 1332 241 1373 118
259 1336 497 1376 881888881
513 1347 597 1375 une
617 1348 745 1376 suave
764 1338 945 1378 melodie
966 1338 1023 1378 du
1043 1351 1160 1379 coeur
1191 1351 1354 1379 comme
1386 1353 1443 1380 un
1477 1353 1615 1393 cygno
1642 1341 1765 1395 expi-

186 1401 299 1448 rant,
320 1410 404 1440 eux
423 1400 496 1452 qui
515 1402 728 1453 passaient
758 1407 1020 1456 auparavant
1051 1405 1143 1445 leur
1175 1405 1240 1445 vie
1271 1406 1376 1445 dans
1404 1406 1444 1446 le
1479 1406 1649 1447 silence.
1684 1408 1771 1449 Par

187 1466 347 1514 contre,
368 1465 428 1505 les
460 1466 691 1517 1888118818,
714 1480 758 1508 se
778 1469 999 1521 rappelant
1030 1482 1132 1511 avec
1160 1471 1339 1523 chagrin
1371 1474 1414 1512 et
1445 1472 1641 1523 angoisse
1671 1472 1771 1514 len?

186 1528 254 1570 vie
274 1529 518 1579 criminelle,
538 1534 582 1571 81
602 1533 712 1572 leurs
731 1533 1046 1575 innombrables
1067 1536 1235 1575 forfaits
1266 1537 1353 1588 qui,
1376 1548 1542 1577 comme
1571 1550 1628 1577 un
1657 1550 1769 1592 sang

185 1605 408 1647 corrompu
427 1598 470 1635 et
488 1595 633 1646 infect‚
655 1598 935 1639 entenebrent
957 1603 998 1639 et
1019 1603 1232 1640 torturent
1253 1601 1291 1642 le
1326 1614 1456 1650 coeur,
1478 1606 1575 1642 sont
1603 1603 1768 1656 obliges

186 1657 239 1699 (18
257 1659 362 1700 faire
385 1661 588 1702 entendre
619 1662 671 1702 de
699 1663 1015 1705 malheureuses
1047 1668 1089 1705 et
1128 1666 1268 1706 tristes
1298 1666 1495 1719 plaintes‚
1517 1667 1767 1709 semblables

186 1733 271 1765 aux
288 1723 448 1766 sirenes
464 1727 552 1779 qui,
573 1729 695 1780 apres
715 1729 836 1769 avoir
855 1730 1007 1770 8118818
1027 1742 1127 1770 avec
1148 1731 1327 1780 suavita,
1350 1731 1539 1771 finissent
1558 1744 1636 1784 par
1660 1733 1767 1773 hur-

184 1786 248 1829 181·
265 1788 586 1831 horriblement.

239 1853 357 1903 Mais,
375 1856 553 1907 puisque
567 1868 674 1896 nous
693 1869 746 1898 en
766 1870 898 1898 avons
917 1859 1014 1910 deja
1033 1860 1218 1899 entendu
1240 1861 1447 1912 plusieurs
1466 1862 1644 1902 obanter
1657 1862 1764 1904 dou-

186 1921 353 1959 cement
371 1931 534 1961 comme
555 1921 627 1960 des
645 1934 803 1974 cygnes
824 1925 847 1963 8
868 1924 909 1963 la
927 1923 986 1964 fin
1009 1924 1059 1964 de
1079 1925 1173 1964 leur
1204 1926 1271 1965 vie
1301 1938 1403 1965 avec
1428 1926 1616 1976 Simeon,
1639 1929 1767 1968 8888-

186 2072 264 2109 erat
283 2072 324 2108 in
344 2073 537 2117 extremis,
558 2078 594 2110 81
631 2084 718 2111 cum
738 2075 874 2122 gaudio
896 2076 952 2112 vi-
993 2077 1155 2114 termino
1173 2079 1180 2114 1
1206 2079 1283 2114 1188
1296 2084 1422 2115 autem
1436 2083 1594 2126 possunt
1613 2080 1784 2127 omnes‚'

186 2123 266 2157 tam
285 2119 421 2165 finivit,
441 2123 488 2157 ad
509 2121 615 2158 illam
634 2123 806 2160 eamdem
822 2134 950 2170 pacem
992 2124 1056 2170 qui
1078 2135 1162 2162 vere
1182 2136 1222 2161 se
1245 2126 1310 2162 Dei
1330 2126 1446 2163 ruisse
1458 2137 1586 2164 servos
1625 2131 1762 2166 essunt

185 2167 399 2214 adspiranS‚
428 2169 475 2205 ad
493 2179 606 2215 quam
626 2169 779 2207 Simeon
806 2171 950 2217 justus3
991 2183 1171 2217 asserere,
1193 2173 1330 2219 quibus
1349 2184 1437 2210 cum
1455 2185 1570 2221 opera
1624 2186 1700 2212 ona
1724 2180 1764 2214 81

184 2225 276 2252 nam
296 2215 377 2262 ejus
398 2215 479 2252 haec
500 2217 653 2253 fuerunt
672 2222 839 2255 extrema
867 2230 951 2255 ver·
993 2220 1124 2255 merita
1144 2221 1296 2267 propria
1323 2222 1467 2258 meritis
1497 2222 1634 2259 Christi
1663 2233 1762 2263 con-

182 2261 262 2299 ba:
289 2275 303 2295 α
328 2264 373 2299 18
393 2273 498 2310 pace,
516 2265 556 2301 in
586 2265 737 2312 idpsum
765 2266 950 2303 dormiam
986 2267 1133 2313 juncta,
1162 2269 1280 2304 instar
1311 2270 1445 2315 optimi
1477 2270 1689 2316 sanguinis,
1709 2270 1759 2308 ad

183 2314 219 2347 et
236 2310 484 2357 requiescam.
508 2327 524 2346 ι
561 2313 651 2356 Quae
680 2313 793 2350 verba
826 2324 950 2360 quon·
989 2325 1054 2351 cor
1075 2320 1164 2352 tunc
1186 2322 1394 2361 recurrant,
1413 2317 1508 2354 illud
1527 2317 1759 2365 exhilarant,

183 2356 271 2395 dam
302 2359 502 2395 ruminans
534 2365 690 2397 sanctus
720 2362 951 2407 Augustinus
990 2363 1147 2409 ideoque
1169 2364 1307 2400 mentis
1338 2374 1451 2401 suave
1482 2365 1602 2402 melos
1639 2366 1765 2404 instar

183 2404 225 2441 in
246 2405 409 2451 quodam
429 2407 584 2453 spiritns
601 2407 760 2453 fervore,
785 2409 840 2446 sic
859 2420 949 2455 pro-
989 2411 1106 2457 Cygni
1132 2411 1338 2457 expirantis
1372 2413 1504 2456 edunt,
1537 2413 1619 2459 qui·
1645 2418 1760 2451 88188

181 2451 357 2489 nuntiat:
381 2468 396 2486 ιι
419 2454 450 2490 Ο
470 2455 511 2491 18
532 2465 639 2502 pace,
658 2466 680 2492 ο
702 2456 742 2492 18
767 2456 948 2503 idipsum,
988 2457 1029 2494 in
1049 2458 1200 2494 silentio
1221 2459 1335 2494 vitam
1355 2464 1589 2506 peregerant.
1612 2461 1642 2496 E
1661 2470 1761 2498 oon·-

182 2509 204 2536 ο
224 2499 288 2545 qai
331 2499 427 2538 dixit
463 2502 650 2539 dormiam
687 2508 723 2540 et
779 2505 947 2551 requies-
988 2513 1043 2541 tra
1064 2506 1241 2552 improbi,
1261 2502 1478 2544 recurrente
1498 2513 1589 2544 tunc
1608 2508 1648 2544 in
1668 2518 1756 2546 mo-

181 2547 286 2583 88181
317 2561 331 2579 υ
367 2548 453 2586 Non
483 2549 649 2587 absimili
689 2551 802 2588 modo
838 2552 948 2588 verba
987 2554 1147 2589 moriam
1178 2564 1267 2590 cum
1311 2565 1471 2592 moerore
1502 2559 1540 2591 81
1569 2556 1757 2602 angustiis

180 2592 248 2630 illa
285 2594 473 2632 Simeonis
511 2599 769 2635 ruminantis:
793 2612 807 2629 «
836 2599 948 2637 Nunc
987 2601 1060 2637 vita
1097 2601 1338 2647 dedecorosa,
1380 2602 1605 2650 flagitiisque
1636 2603 1760 2641 innu-

179 2640 340 2678 dimittis
364 2653 513 2681 servum
538 2650 662 2690 tuum,
690 2647 864 2691 Domine,
885 2658 945 2684 se·
986 2647 1111 2693 meris,
1145 2649 1264 2685 instar
1294 2650 1398 2695 pravi
1430 2655 1466 2687 81
1498 2650 1627 2687 infecti
1663 2661 1759 2689 san·-

181 2688 352 2726 cundum
392 2690 547 2729 verbum
577 2698 685 2730 tuum
717 2694 758 2729 in
785 2704 892 2741 pace,
929 2710 942 2727 ι
984 2696 1123 2741 guinis,
1146 2706 1210 2733 cor
1229 2696 1542 2734 obnubilantibus
1571 2702 1607 2734 et
1638 2698 1758 2737 lanci-

178 2735 306 2773 dicere
349 2748 549 2783 possumus
594 2752 604 2777 z
649 2741 679 2777 O
724 2741 836 2779 Nunc
887 2742 945 2778 fe-
985 2743 1179 2789 nantibus,
1213 2748 1403 2790 coguntur
1435 2746 1475 2782 in
1507 2745 1680 2783 infelices
1716 2753 1756 2784 et

180 2782 253 2820 lix!
276 2794 299 2820 o
319 2784 410 2821 felix
432 2785 765 2825 horalodimissio
786 2790 941 2826 secura!
985 2790 1174 2827 luctuosas
1216 2802 1414 2838 erumpere
1458 2803 1581 2839 voceS,
1630 2794 1752 2831 instar

178 2839 201 2866 ο
221 2831 379 2884 servitus
399 2832 530 2870 1188181
552 2845 574 2871 o
599 2836 755 2873 verbum
787 2841 824 2873 81
854 2847 944 2883 pro-
982 2838 1172 2882 Sirenum,
1193 2849 1278 2885 quae
1297 2840 1460 2876 suaviter
1478 2846 1588 2876 antea
1614 2850 1755 2879 canen·

177 2886 338 2915 missum
357 2878 581 2919 infallibile!
599 2893 621 2920 ο
648 2894 721 2930 pax
749 2884 943 2921 desidera·
984 2889 1050 2930 tes,
1074 2886 1114 2922 in
1135 2886 1210 2922 fine
1230 2886 1380 2923 ululant
1399 2887 1644 2924 horribiliter.

178 2924 233 2960 tal
258 2925 288 2961 Ο
308 2936 423 2973 quam
442 2928 521 2964 nati
547 2934 637 2967 sunt
661 2931 856 2976 fortunati,
878 2933 942 2978 qui
1028 2933 1098 2969 Sed
1108 2934 1290 2980 quoniam
1301 2935 1441 2971 multos
1448 2935 1528 2981 jam
1540 2935 1754 2974 audivimus

177 2980 267 3026 cum
286 2975 531 3013 conscientiae
549 2986 693 3015 securae
724 2980 941 3016 testimonio
981 2980 1100 3016 instar
1113 2982 1327 3028 cygnorum
1343 2983 1557 3020 suaviter-in
1570 2982 1648 3020 fine
1666 2983 1753 3021 vitae

177 3019 325 3057 18181188
335 3027 496 3068 possunt
513 3023 623 3062 edere
642 3035 754 3064 voees
782 3027 826 3064 in
855 3027 943 3064 vitae
979 3037 1069 3065 eum
1104 3028 1279 3066 Simeone
1309 3034 1513 3076 canentem
1552 3031 1756 3069 audiamus
