1858 3184
4 2414 11 2421 x
0 2127 14 2383 vr*v—2--—⁴

707 179 782 214 1188
807 178 1041 213 RRTOENRES
1068 180 1111 212 0.
1631 177 1685 214 43

115 263 324 316 seigneur
342 275 411 305 me
427 264 517 304 fere,
530 262 698 315 petico,
720 263 763 302 et
777 261 979 314 j'attends
1006 261 1057 300 de
1083 271 1184 300 mon
1205 259 1311 300 Dieu
1342 260 1384 300 le
1415 262 1687 315 recompenso

115 329 167 370 de
185 339 285 370 mon
305 327 471 370 travail.
493 326 652 381 (XLIX,
673 326 729 380 4.)
764 341 784 365 ι)
820 327 928 366 C'est
958 337 1121 365 comme
1152 325 1215 364 s’ii
1246 325 1370 366 disait
1396 328 1421 365 ὲ
1453 338 1526 366 son
1551 329 1650 379 pere
1672 339 1684 368 ε

114 394 229 434 vous
247 394 286 435 le
299 405 432 442 savez,
455 394 481 432 ὁ
499 404 600 433 mon
620 394 738 440 Fere,
755 392 801 444 je
832 392 915 431 n'ai
947 392 1135 443 epargne
1167 403 1307 430 aucun
1340 391 1488 431 labem·
1507 404 1614 444 pour
1645 393 1686 433 le

115 459 225 499 salut
244 459 315 499 dcs
333 458 538 508 hommes,
561 457 703 498 c’etait
722 457 893 498 1’oeuvre
917 457 1024 510 poui-
1056 456 1237 508 laquelle
1268 468 1372 496 vous
1402 456 1577 496 m'eviez
1609 468 1686 497 en-

114 525 221 576 voye
239 525 283 564 et
297 522 372 576 j’ai
391 524 585 576 employe
605 527 743 564 tontes
762 535 850 563 mes
871 523 1005 563 foi-ves
1037 523 1061 561 ἐι
1092 521 1133 560 la
1163 521 1352 573 remplir.
1381 521 1500 566 Mais,
1522 533 1686 564 comme

114 595 216 629 vous
232 588 273 629 le
293 599 439 640 vuyez,
460 588 560 628 c'est
577 600 631 628 en
651 588 748 628 vain
772 600 853 640 que
868 588 943 640 J’ui
973 586 1180 634 travaille,
1203 598 1255 625 en
1283 586 1379 626 vain
1411 599 1493 639 que
1517 582 1594 639 j'ai
1617 587 1685 627 de-

112 654 240 706 96636
260 653 320 693 les
335 653 469 693 forces
488 653 540 694 de
561 664 660 693 mon
681 653 811 706 esprit
842 661 883 692 et
915 653 966 692 de
998 664 1096 692 mon
1130 663 1264 704 corps,
1286 663 1338 691 en
1370 652 1469 691 vain
1501 664 1583 704 que
1610 651 1688 704 j’ai

112 719 231 759 verse
249 730 350 758 mon
370 729 475 770 sang
500 730 608 770 pour
638 730 737 758 eux.
773 719 906 770 Soyez
937 718 1046 758 donc
1073 718 1192 768 juge,
1217 729 1287 756 cer
1318 728 1418 757 mon
1450 729 1593 756 oeuvre
1623 720 1688 757 est

113 786 233 823 entre
251 795 325 823 vos
344 784 496 831 mains,
517 783 700 832 deoida,
722 787 842 823 entre
863 796 944 823 eux
965 788 1005 823 et
1038 783 1136 829 moi,
1160 781 1222 821 s'il
1242 794 1265 821 a
1286 785 1470 835 mnnque
1503 782 1688 835 quelque

110 847 233 888 chose
269 848 321 889 de
357 860 455 888 mon
485 850 592 897 cote,
631 861 685 888 ou
723 849 757 888 si
788 849 925 902 piutot
963 849 1011 887 iiq
1050 851 1123 887 ont
1161 848 1430 887 eux-memes
1467 848 1588 897 taini,
1629 859 1684 888 en

111 913 279 954 n'usent
297 913 416 966 point
435 913 507 954 des
526 914 715 954 remedes
734 913 784 953 de
804 914 915 953 salut
935 925 1015 966 que
1031 913 1075 964 je
1107 912 1199 952 leur
1218 913 1376 962 offrais,
1408 913 1584 952 attii-ant
1615 925 1687 952 sur

108 978 204 1019 leur
223 979 308 1018 tete
329 990 409 1018 une
428 978 673 1018 damnation
694 978 893 1018 certaine.

161 1044 195 1084 11
214 1055 258 1084 se
278 1044 414 1097 piaint
432 1044 484 1083 de
503 1044 544 1084 la
565 1044 703 1084 meme
723 1044 911 1083 muniere
932 1043 1037 1083 dans
1058 1042 1263 1091 Ezechiel,
1286 1042 1337 1083 de
1368 1054 1416 1084 ce
1445 1054 1543 1097 que,
1565 1045 1686 1095 apres

110 1108 228 1148 avoir
246 1108 440 1149 travaille
460 1110 553 1148 tout
581 1108 619 1149 le
641 1109 744 1161 long
763 1109 813 1148 de
846 1121 891 1148 sa
925 1109 988 1148 vie
1021 1108 1227 1155 morione,
1251 1108 1281 1147 il
1317 1110 1428 1150 reste
1453 1108 1687 1160 tependnnt

108 1172 181 1213 des
199 1174 315 1214 &mes
334 1173 535 1226 impuros,
558 1176 680 1227 apres
700 1174 802 1227 qu'il
822 1186 847 1213 a
865 1174 988 1213 offert
1009 1186 1052 1213 sa
1074 1185 1200 1212 sueur
1219 1173 1270 1212 de
1291 1185 1396 1225 sang
1414 1184 1523 1225 pour
1542 1173 1582 1212 la
1604 1185 1681 1225 pu·

106 1238 318 1280 rification
338 1240 411 1279 des
430 1241 560 1288 time&
581 1241 702 1292 apres
723 1239 824 1291 qu’il
845 1251 868 1277 a
888 1239 1083 1290 employe
1103 1239 1141 1278 le
1162 1238 1232 1277 feu
1254 1238 1381 1277 d’une
1402 1237 1687 1279 tres-ardente

106 1303 264 1344 charite
283 1316 391 1356 pour
409 1305 561 1344 efi'acer
580 1308 621 1344 et
640 1304 782 1343 brnler
803 1307 827 1343 a
850 1304 949 1343 fond
966 1316 1049 1342 nne
1069 1304 1291 1355 impurete,
1310 1315 1394 1343 une
1407 1303 1558 1343 rouiHe
1573 1303 1689 1344 inve-

106 1370 235 1410 teree.
257 1368 374 1410 Voici
392 1381 446 1409 en
466 1369 565 1409 effet
584 1372 796 1409 comment
818 1369 846 1408 ii
869 1369 983 1420 pai-ie
1005 1371 1029 1408 ἐι
1051 1369 1174 1408 Γὸω6
1206 1368 1405 1408 endurcie
1436 1371 1477 1408 et
1508 1370 1683 1420 reproa-

106 1435 183 1474 vee
205 1446 215 1474 :
241 1447 261 1473 (ι
282 1435 344 1474 On
363 1434 458 1475 s'est
478 1434 631 1474 efforce
651 1447 751 1474 avec
773 1435 906 1486 grand
941 1435 1063 1486 peine
1095 1434 1146 1473 de
1176 1433 1216 1472 la
1248 1436 1468 1485 nettoyer;
1502 1434 1609 1473 mais
1640 1445 1686 1474 sa

109 1498 259 1539 rouille
279 1511 307 1551 y
326 1501 389 1539 est
409 1499 442 1539 si
463 1500 698 1547 enraeinee‚
722 1499 873 1551 qu'ene
896 1499 962 1538 n’a
986 1511 1057 1550 pas
1077 1511 1131 1550 pu
1154 1499 1292 1538 meme
1311 1511 1364 1538 en
1393 1498 1519 1538 soriir
1550 1511 1626 1551 par
1645 1498 1686 1539 16

107 1563 197 1606 feu.
219 1565 346 1604 Votre
365 1564 573 1617 impurete
592 1569 653 1604 est
671 1564 902 1612 exem-able,
929 1576 1050 1616 parce
1070 1576 1151 1616 qne
1178 1563 1254 1614 J'ai
1285 1563 1413 1603 voulu
1434 1575 1536 1603 vous
1565 1564 1685 1616 puri·
1739 1605 1742 1609 ,

105 1627 184 1669 fior
202 1632 243 1668 et
262 1640 344 1681 que
365 1641 467 1669 vous
487 1629 630 1670 n'avez
650 1630 770 1682 point
789 1629 926 1682 quitte
948 1642 1019 1668 vos
1038 1630 1226 1668 ordures.
1260 1628 1319 1680 (E
1319 1628 1477 1668 zeckaecl.
1493 1639 1607 1678 xxiv,
1631 1631 1682 1670 ¹2

105 1696 150 1734 et
167 1693 253 1747 13.)
273 1707 293 1732 i>

158 1758 312 1806 Quinc
331 1759 419 1799 voit
438 1758 479 1799 la
506 1759 659 1811 justice
678 1759 729 1799 de
759 1762 866 1799 cette
899 1759 1058 1811 plainte
1090 1759 1141 1799 de
1173 1759 1447 1799 sesamum&
1473 1772 1546 1800 sur
1576 1771 1681 1800 ceux

103 1824 177 1876 qui
195 1824 412 1876 perissent,
435 1836 487 1864 en
508 1825 739 1877 meprisant
761 1824 798 1865 16
821 1825 914 1877 prix
934 1825 984 1864 de
1010 1826 1046 1863 iu
1070 1825 1330 1876 rem-mption
1354 1825 1456 1877 qu'il
1475 1825 1590 1865 avait
1609 1837 1677 1865 ac-

107 1887 200 1941 quis
219 1900 326 1942 pour
345 1889 452 1930 eux!
476 1890 751 1930 Montrons-le
770 1902 846 1942 par
866 1903 949 1929 une
970 1890 1258 1942 comparaison
1281 1903 1291 1929 :

158 1954 223 1995 Un
255 1953 320 1993 fils
350 1957 413 1994 est
442 1955 677 2007 prisonnier
708 1955 933 1995 durcment
970 1956 1092 1995 truite
1126 1955 1225 1995 chez
1259 1955 1316 1995 les
1336 1956 1555 1995 Barbares.
1593 1957 1678 1996 Son

910 2133 1098 2178 simulque
1120 2133 1246 2176 ignem
1260 2133 1536 2169 ardentissimae
1550 2133 1678 2170 chari-

911 2181 995 2216 tatis
1015 2181 1244 2225 adhibuerit,
1259 2185 1299 2217 ut
1319 2182 1444 2217 omnis
1465 2181 1679 2218 eraderetur

105 2138 246 2167 munus
286 2131 384 2168 istud
423 2141 549 2169 meum
588 2133 693 2169 omni
731 2137 868 2169 conatu

103 2177 312 2225 adimplere
332 2180 473 2217 curavi.
497 2181 653 2217 Interim
674 2182 810 2217 frustra
832 2182 868 2217 in

104 2225 249 2271 multis,
283 2231 324 2263 ut
355 2227 478 2273 video,
513 2228 694 2271 laboravi,
735 2229 868 2264 frustm
910 2234 940 2264 ct
963 2235 1233 2274 excoqui-retur
1254 2229 1457 2264 inveterata
1474 2229 1679 2266 immundi-

103 2273 223 2310 animi
261 2275 504 2322 corporisque
542 2276 638 2312 vii-es
685 2277 868 2323 impendi,

102 2319 242 2358 frustra
289 2331 328 2358 ro
348 2323 402 2359 eis
422 2323 647 2369 sanguinem
669 2324 792 2370 ipsum
809 2334 868 2360 cx-

103 2368 233 2414 pendi.
299 2379 320 2406 u
352 2380 463 2416 porro
494 2375 573 2407 esto
610 2372 746 2415 ludex,
780 2382 867 2408 nam

103 2425 200 2470 opus
220 2426 348 2454 meum
369 2418 467 2464 apud
490 2422 524 2454 te
543 2424 619 2462 est;
637 2423 672 2455 et
692 2419 866 2460 decerne,

102 2467 202 2500 mter
221 2464 322 2548 {FSOS
342 2469 378 2501 et
399 2475 575 2509 me,num
595 2477 641 2503 ex
662 2472 764 2513 parte
786 2477 865 2502 mea

101 2509 216 2557 aliqui
263 2512 437 2555 desuerit,
453 2523 545 2550 num
566 2516 690 2560 potius
710 2514 782 2560 ipsi
797 2514 864 2550 sibi

101 2556 304 2603 defuerint,
320 2561 458 2607 paratis
477 2561 549 2597 sibi
569 2573 590 2597 u
611 2572 671 2598 me
692 2563 867 2598 remi—diis¹

51 2602 59 2614 ’“
103 2605 236 2643 salutis
255 2616 332 2644 non
353 2609 508 2652 utendo,
529 2609 659 2655 sicque
694 2609 733 2646 in
756 2615 865 2655 caput

105 2659 214 2690 suum
245 2659 386 2691 certam
422 2656 706 2693 damnationem
736 2667 864 2693 accur-

105 2700 235 2738 sendo.
281 2703 421 2739 Eodem
472 2704 585 2741 modo
622 2705 866 2750 conqueritur

104 2747 202 2792 apud
223 2748 457 2787 Ezechielem
478 2752 576 2797 quod
607 2755 710 2788 tanto
730 2754 865 2788 sudoro

104 2799 219 2831 exani
253 2794 328 2834 lato
367 2802 441 2835 toto
471 2799 643 2835 mortalis
674 2801 756 2835 vitae
787 2810 865 2836 sure

103 2840 279 2895 decursu,
300 2851 478 2882 maneant
508 2846 759 2883 nihilominus
778 2848 863 2883 uni-

103 2899 177 2925 mae
208 2888 344 2936 aliqum
374 2893 598 2939 immundae,
618 2904 704 2931 cum
738 2899 862 2931 tamen

105 2936 281 2991 pudorem
317 2946 429 2976 suum
466 2941 579 2978 etiam
611 2942 862 2988 sanguineum

100 2992 146 3020 m
160 2993 376 3022 animarum
405 2986 639 3027 ablutionem
670 2989 862 3036 obtulerit,

910 2277 956 2312 tin
977 2282 1011 2312 ct
1034 2277 1179 2321 rubigo.
1201 2277 1262 2312 Sic
1282 2277 1385 2312 enim
1407 2276 1571 2322 loquitur
1590 2277 1677 2313 ani-

910 2335 980 2360 mae
1012 2325 1197 2360 indui-aiae
1228 2329 1263 2360 et
1294 2324 1493 2371 reprobae:
1521 2340 1534 2356 «
1559 2323 1677 2361 Multo

909 2372 1035 2407 inimi-e
1066 2373 1243 2408 sudatum
1281 2378 1351 2414 cst,
1378 2376 1413 2407 et
1453 2382 1530 2408 non
1561 2371 1676 2408 exivit

910 2420 1023 2454 nimiu
1042 2420 1187 2465 rubigo,
1204 2430 1326 2466 neque
1350 2430 1415 2465 per
1430 2419 1577 2465 ignem3
1599 2419 1676 2455 im-

909 2467 1094 2502 munditia
1133 2472 1195 2503 ina
1234 2466 1458 2503 execrabilis
1496 2471 1566 2510 est,
1587 2467 1674 2513 quia

908 2517 1091 2551 mundare
1111 2519 1145 2550 te
1167 2514 1283 2558 volui,
1304 2518 1338 2550 et
1360 2524 1434 2550 non
1457 2524 1497 2550 es
1516 2515 1675 2552 munda-

907 2567 941 2599 ta
961 2574 981 2598 a
1002 2562 1189 2598 sordibus.

978 2611 1016 2645 Et
1042 2621 1151 2656 porro
1173 2609 1257 2656 quis
1276 2619 1354 2644 non
1387 2608 1508 2645 videat
1530 2609 1672 2656 justam

905 2667 986 2693 esse
1027 2658 1163 2693 Christi
1197 2656 1388 2702 quereiam
1426 2657 1472 2693 de
1512 2657 1570 2693 his
1608 2658 1671 2704 qui

907 2710 1076 2750 pen-unt,
1113 2704 1348 2750 pretiumque
1401 2705 1673 2751 redemptionis

905 2752 975 2787 sibi
996 2752 1223 2797 acquisitum
1239 2754 1515 2796 aspernantur?
1533 2753 1672 2788 Osten-

903 2801 1036 2836 dimus
1059 2800 1155 2835 is’ud
1178 2798 1439 2835 similitudine.
1463 2800 1557 2835 Audi
1577 2810 1585 2835 :
1608 2800 1670 2835 Est

902 2848 1040 2893 aliquis
1058 2847 1157 2892 apud
1181 2846 1360 2883 Barbaros
1392 2851 1486 2883 tetro
1516 2847 1558 2883 in
1583 2857 1671 2883 car-

903 2906 986 2931 cere
1007 2896 1198 2936 detentu&
1221 2894 1326 2930 Pater
1346 2905 1432 2930 vero
1458 2894 1540 2940 ejus
1560 2894 1670 2931 mise·

904 2943 967 2978 rire
997 2941 1219 2984 condolens,
1240 2941 1444 2978 divenditis
1474 2941 1668 2986 omnibus,

902 2989 1021 3036 patria
1040 2989 1184 3033 relicta,
1195 2989 1335 3035 lytrum
1349 2994 1385 3026 et
1398 2989 1669 3036 redemptionis
