1858 3184
765 181 791 214 ο
818 182 1051 214 summu.
1643 174 1695 215 ’13

743 338 851 380 vm·
881 320 1067 388 858811.

319 455 582 510 Explz'catz'on
600 454 648 496 de
667 455 706 496 la
725 455 919 497 118111ιὲ188
935 456 1070 510 partie
1088 455 1140 496 du
1157 457 1332 510 premier
1351 456 1484 497 cluant.

173 587 251 632 Les
261 585 450 625 hommes
464 585 514 626 de
527 597 574 625 ce
588 585 710 626 siecle
725 585 924 638 811883185
938 589 979 627 81
993 585 1259 638 imprudents
1275 586 1490 627 marchent
1502 586 1607 627 (1888
1619 587 1694 628 (185

116 650 230 691 voies
249 650 442 698 diverses,
467 649 670 703 obliquos,
693 650 944 691 (1818818885
971 654 1014 691 81
1044 653 1345 692 188118881885.
1379 652 1443 692 08
1476 663 1529 692 88
1563 651 1694 693 (111811

115 727 190 769 pas
209 714 331 768 qu’ils
349 715 566 756 marchent
586 727 692 768 pour
710 716 920 756 atteindre
939 729 998 757 un
1018 716 1095 756 but
1123 720 1164 755 et
1195 728 1254 756 un
1280 719 1429 767 terme,
1453 717 1559 756 18815
1590 716 1689 757 bien
1707 753 1716 759 ,

116 780 238 833 qu'ils
257 779 481 832 s'egarent,
500 779 621 833 qu’ils
641 793 683 821 58
702 781 902 821 118811881
913 784 955 822 81
967 793 1010 822 58
1024 781 1276 834 81881811881
1296 782 1402 822 (1885
1416 782 1488 822 (185
1502 782 1687 830 81188118,

115 845 235 894 mais,
260 847 286 885 8
303 845 426 898 peine
445 845 529 885 s’ils
547 846 720 886 veulent
738 846 777 886 le
796 846 900 895 voir,
922 858 964 886 se
985 846 1263 899 complaisant
1281 847 1387 887 (1885
1407 847 1500 886 1881
1520 847 1690 886 chemin

117 909 170 950 de
188 913 388 960 traverso,
408 922 570 951 comme
590 911 675 951 s’ils
693 911 850 951 etaient
877 911 980 952 dans
997 910 1039 952 la
1058 912 1151 951 voie
1171 911 1322 952 droite.
1345 914 1381 952 A
1410 912 1497 951 8818
1530 923 1571 951 58
1593 923 1689 965 188-

115 978 235 1029 porte
254 978 361 1016 cette
385 976 529 1029 parole
548 977 604 1017 du
625 977 751 1028 Sage.
769 990 788 1014 (ι
810 975 844 1017 11
874 989 902 1029 y
934 989 958 1016 8
986 989 1070 1018 888
1103 978 1195 1017 11818
1228 977 1300 1029 qui
1332 977 1469 1029 paruit
1501 976 1635 1016 droite
1667 978 1691 1016 8

115 1039 330 1090 1’11881188,
354 1045 396 1081 81
415 1041 518 1081 (1881
537 1042 578 1081 18
597 1041 654 1081 fin
683 1042 932 1082 neanmoins
951 1041 1124 1082 conduit
1154 1044 1178 1081 8
1208 1041 1250 1081 18
1277 1045 1402 1081 mort.
1438 1041 1687 1094 (Proverbes.

115 1115 201 1154 xlv,
225 1106 310 1159 12.)
328 1119 348 1143 1>
373 1105 733 1160 L'amour-propre
745 1106 804 1147 les
817 1106 974 1147 fascino
994 1110 1037 1147 et
1057 1107 1116 1147 les
1130 1108 1308 1158 aveugle
1322 1119 1429 1159 pour
1443 1107 1484 1146 18
1502 1107 1689 1160 8188811,

114 1170 251 1224 818185
269 1171 321 1212 (18
341 1172 646 1224 8818818158888
666 1184 720 1212 88
740 1172 1022 1222 eux-memes,
1045 1171 1095 1211 ils
1116 1177 1379 1224 approuvent
1398 1173 1490 1212 leur
1504 1172 1691 1212 18881818

116 1235 168 1276 (18
187 1235 318 1285 vivre,
339 1236 436 1276 bien
459 1236 610 1289 qu’elle
630 1237 711 1278 soit
730 1237 869 1290 pleine
889 1237 1105 1286 d'abimes,
1127 1240 1171 1277 81
1199 1236 1372 1290 qu'elles
1404 1236 1461 1277 185
1492 1236 1691 1278 conduise

116 1311 171 1340 88
190 1301 394 1354 818818188
415 1306 457 1342 81
474 1304 500 1341 a
518 1302 560 1342 18
580 1306 704 1342 mort.
739 1302 791 1342 Ils
819 1302 858 1343 18
878 1302 1191 1342 reconnaissent
1224 1305 1316 1354 trop
1348 1302 1459 1351 tard,
1481 1314 1587 1342 ceux
1619 1302 1692 1354 qui

116 1365 255 1406 disent
274 1378 327 1407 en
361 1367 591 1419 3818155881
627 1367 729 1407 (1885
768 1367 807 1407 18
843 1367 947 1408 11ν18
986 1367 1037 1407 (18
1076 1367 1116 1406 18
1154 1366 1319 1419 Saqesse
1345 1380 1354 1407 :
1383 1381 1403 1404 (ι
1434 1368 1548 1406 Ν888
1585 1378 1692 1406 8888

117 1442 299 1471 88181885
318 1431 427 1471 (1888
444 1433 593 1484 838185
613 1432 721 1472 dela
738 1432 832 1472 11818
851 1432 902 1472 (18
923 1432 964 1471 18
983 1432 1135 1480 1181118;
1158 1431 1198 1471 18
1218 1432 1396 1471 18181818
1410 1431 1463 1471 (18
1481 1431 1522 1471 18
1538 1431 1691 1483 justice

118 1495 190 1535 n'a
207 1496 327 1548 point
346 1496 405 1536 lui
424 1509 532 1549 pour
549 1508 668 1546 nous,
691 1500 732 1537 81
757 1497 796 1537 18
816 1496 934 1536 581811
953 1496 1003 1536 (18
1036 1496 1332 1548 l’intelligence
1365 1509 1418 1536 ne
1448 1496 1543 1536 s’est
1573 1496 1692 1549 point

117 1558 210 1600 leve
229 1572 301 1600 sur
319 1572 440 1600 nous.
463 1562 575 1601 Nous
594 1573 698 1601 nous
717 1573 898 1601 sommes
918 1562 1044 1601 185588
1070 1561 1176 1601 (1885
1203 1561 1242 1600 18
1274 1561 1367 1601 voie
1398 1561 1450 1602 (18
1483 1561 1692 1614 l'iniquite

117 1626 161 1664 et
178 1624 230 1665 de
249 1623 290 1665 la
307 1625 518 1678 perdition
542 1637 551 1665 :
573 1638 679 1666 nous
698 1638 829 1666 avons
848 1626 1017 1677 18818118
1046 1625 1148 1666 dans
1166 1626 1238 1666 des
1270 1626 1458 1667 chemius
1490 1628 1628 1679 88185,
1651 1638 1675 1667 8

116 1700 223 1730 8885
244 1702 373 1731 avons
393 1690 542 1743 ignore
564 1691 604 1731 18
622 1691 716 1731 11818
736 1691 793 1731 (18
820 1692 1043 1743 Seigneur.
1066 1691 1123 1745 (v,
1145 1693 1171 1732 6
1202 1696 1244 1732 81
1262 1691 1318 1745 7.)
1355 1706 1374 1730 »
1407 1694 1467 1745 La
1498 1692 1591 1732 voie
1621 1691 1694 1732 des

115 1754 334 1796 mechants
352 1759 414 1796 est
432 1756 618 1806 difficile,
640 1768 764 1809 parce
794 1757 945 1809 qu’elle
978 1759 1040 1797 est
1076 1772 1096 1792 «
1123 1757 1306 1797 boueuse
1336 1769 1444 1810 pour
1475 1757 1534 1797 185
1567 1757 1692 1799 luxu·

115 1818 251 1870 rieux,
264 1820 509 1861 tenebreuse
520 1833 628 1874 pour
642 1821 701 1861 les
712 1822 882 1871 coleres,
895 1822 1095 1875 88188858
1106 1834 1213 1874 8881
1227 1821 1287 1862 185
1300 1834 1461 1872 8118185,
1478 1822 1692 1874 8181181158

115 1895 224 1936 8881
242 1885 300 1925 185
319 1885 588 1935 (18118818815,
613 1898 866 1927 88ν8188858
898 1899 1004 1939 8881
1038 1887 1098 1926 185
1129 1887 1381 1937 dissimules,
1404 1890 1694 1927 monstrueuse

115 1960 223 2001 pour
244 1949 304 1990 les
335 1950 615 2002 orgueilleux,
644 1966 662 1989 »
699 1951 763 1991 dit
798 1951 838 1992 18
869 1952 1055 1992 cardinal
1093 1953 1281 2004 Hugues.
1321 1954 1378 1992 La
1414 1952 1584 2005 plupart
1620 1952 1693 1992 (188

921 2128 1014 2165 tium
1058 2129 1182 2165 facino
1214 2129 1377 2175 quodam
1408 2127 1591 2164 obductos
1621 2127 1689 2164 118-

355 2163 522 2200 LECTIO
548 2164 647 2201 VIII.

178 2241 354 2278 Tertiam
373 2244 530 2324 partssz
553 2242 696 2325 {turimae
715 2242 822 2279 vocis

397 2299 471 2336 exp
494 2299 559 2326 zoa
583 2318 591 2325 .

163 2364 342 2402 Homines
381 2365 493 2412 hujus
539 2366 668 2403 saeculi
715 2365 807 2403 caeci
844 2370 879 2403 et

113 2411 372 2459 imprudentes
408 2424 474 2460 per
519 2414 640 2450 varias
683 2413 879 2451 ambulant

111 2458 204 2503 vias,
220 2460 285 2496 sed
305 2460 672 2507 obliquas,distortas
693 2467 728 2498 et
747 2462 878 2498 ineur-

114 2516 177 2543 vas
205 2517 212 2543 :
247 2507 407 2555 ideoque
452 2519 531 2545 non
571 2514 645 2546 tam
674 2509 879 2556 procedere

112 2558 329 2599 censentur,
355 2561 396 2592 ut
425 2556 472 2592 ad
506 2561 645 2594 metam
678 2561 714 2593 et
744 2557 877 2594 termi-

111 2609 205 2639 num
222 2601 295 2639 viae
324 2603 555 2650 pertingant,
583 2614 696 2651 quam
729 2604 770 2641 in
801 2604 877 2641 cir-

112 2648 215 2686 cuitu
238 2659 425 2695 exerrare,
447 2651 672 2698 impingere,
688 2662 874 2689 corruere.

113 2695 290 2748 Quamvis
322 2698 359 2734 id
390 2698 463 2745 ipsi
497 2699 558 2735 vix
595 2699 788 2736 advertere
819 2710 878 2735 ve-

113 2741 200 2796 1181,
231 2745 511 2791 complacentes
542 2746 614 2783 sibi
647 2747 686 2783 in
719 2757 877 2783 erroneo

112 2793 264 2835 itinere,
283 2793 388 2837 quasi
408 2794 448 2829 in
468 2798 584 2831 recto.
608 2794 713 2831 Unde
747 2804 876 2830 verum

113 2841 170 2873 est
209 2837 269 2891 1118
304 2838 400 2877 illud
435 2841 652 2888 Sapientis:
679 2856 692 2873 «
716 2842 781 2878 Est
818 2842 876 2878 via

113 2894 198 2938 quae
219 2884 362 2938 vid-etur
380 2887 528 2925 homini
547 2893 661 2934 18818,
683 2893 719 2925 81
746 2889 875 2926 novis-

112 2941 210 2969 sima
252 2942 333 2978 ejus
379 2934 523 2973 ducunt
559 2937 607 2973 ad
645 2940 819 2973 mortem.
858 2951 871 2969 ι»

112 2977 274 3027 Nempe,
293 2980 463 3028 plerique
493 2993 560 3030 per
590 2983 784 3032 philautiae
815 2984 875 3021 vi-

921 2175 1009 2213 bent
1032 2176 1177 2219 oculos,
1199 2176 1345 2223 sibique
1366 2176 1560 2222 placentes
1581 2185 1690 2212 suam

919 2224 1070 2260 vivendi
1110 2224 1297 2260 rationem
1334 2223 1567 2270 approbant3
1601 2233 1691 2260 cum

919 2271 984 2307 illa
1003 2271 1238 2308 anfractibus
1259 2271 1371 2318 plena
1392 2282 1456 2307 eos
1476 2272 1523 2307 ad
1552 2270 1690 2316 praeci-

919 2318 1054 2365 pilium
1075 2319 1201 2362 ducat,
1223 2323 1260 2355 81
1288 2319 1495 2355 interitum.
1523 2319 1599 2355 Hoc
1631 2317 1689 2355 illi

918 2377 1001 2403 sero
1020 2371 1245 2413 agnoscunt,
1267 2366 1331 2412 qui
1350 2367 1448 2412 apud
1473 2366 1689 2412 Sapientem

917 2414 1051 2450 (118881
1070 2419 1263 2461 gementes
1287 2424 1294 2449 :
1322 2430 1334 2445 α
1359 2415 1454 2459 Ergo
1482 2413 1689 2451 erravimus

917 2472 938 2497 a
959 2462 1016 2498 via
1036 2462 1200 2498 veritatis
1220 2467 1255 2498 et
1272 2462 1441 2506 justitiae,
1460 2461 1590 2498 lumen
1609 2471 1688 2498 non

918 2509 1012 2546 luxit
1032 2509 1157 2554 nobis,
1178 2515 1213 2546 et
1242 2509 1293 2545 sol
1328 2508 1590 2554 intelligentiae
1609 2517 1689 2546 non

917 2561 972 2593 est
991 2561 1095 2593 ortus
1115 2556 1237 2594 nobis.
1262 2555 1400 2592 Lassati
1421 2566 1552 2594 sumus
1572 2556 1612 2592 in
1628 2555 1687 2592 via

917 2604 1127 2650 iniquitatis
1147 2609 1182 2640 et
1204 2604 1441 2650 perditionis,
1463 2608 1498 2640 et
1517 2603 1689 2640 ambula·

917 2652 1040 2688 vimus
1083 2653 1161 2688 vias
1198 2651 1388 2695 dil‘liciles,
1419 2650 1519 2687 viam
1559 2655 1686 2688 autem

918 2699 1071 2737 Domini
1104 2698 1373 2746 ignoravimus.
1409 2713 1423 2731 ι
1462 2699 1531 2735 Via
1559 2699 1611 2734 uti
1641 2708 1687 2734 ue

916 2746 1176 2794 improborum
1216 2745 1384 2782 difficilis
1415 2751 1485 2790 est,
1507 2746 1594 2792 quia
1642 2755 1688 2782 u-

917 2799 997 2831 tosa
1049 2795 1088 2830 in
1141 2793 1364 2837 luxuriosis,
1401 2793 1599 2830 tenebrosa
1647 2793 1687 2828 in

917 2842 1124 2883 iracundis,
1147 2841 1300 2886 spinosa
1320 2840 1362 2877 in
1380 2842 1516 2884 8118115,
1539 2845 1688 2886 8811858

915 2890 956 2925 18
977 2887 1267 2932 detractoribus,
1288 2899 1492 2925 cavernosa
1512 2889 1553 2925 in
1573 2888 1688 2924 simu-

916 2935 1112 2979 latoribus,
1163 2939 1364 2972 montuosa
1407 2936 1449 2972 in
1492 2935 1683 2982 superbis,

917 2983 1040 3030 inquit
1090 2983 1196 3030 Hugo
1245 2983 1469 3020 Cardinalis.
1513 2983 1685 3029 Plerique
